3380 4919
1102 296 1182 349 ad
1217 295 1570 348 ecclesiam
1616 294 1707 349 111
1745 298 1776 358 ξ
1810 294 2031 349 30-35.
2567 294 2693 362 279

436 486 639 552 menti
704 484 976 551 faciendi
1045 484 1376 550 arbitrium
1438 486 1589 549 dant
1645 482 1888 547 libertis
1935 483 2006 546 tu
2065 482 2239 549 tollis
2286 483 2530 550 liberis:
2596 485 2696 550 illi

435 591 747 673 postremo
818 606 1025 653 seruos
1094 605 1238 652 suos
1308 590 1460 653 dant
1528 586 1810 651 libertati
1867 589 1935 650 tu
1993 588 2172 668 quasi
2237 587 2471 653 addicis
2533 587 2698 652 filios

438 694 748 758 seruituti.
820 710 965 756 nam
1021 691 1170 772 quid
1226 693 1320 756 est
1380 691 1548 755 aliud
1608 707 1795 772 quam
1853 689 2142 755 seruituti
2198 690 2481 755 addicere
2543 708 2696 772 quos

440 814 562 860 non
609 794 705 859 uis
751 793 986 876 aliquid
1037 793 1214 876 quasi
1261 792 1560 875 ingenuos
1616 791 1976 875 possidere?
2039 810 2206 857 more
2252 811 2398 877 ergo
2445 792 2697 859 illorum
2717 796 2803 862 33

392 900 656 979 suteris
715 898 821 981 qui
866 913 1077 962 seruos
1124 914 1265 961 suos
1312 913 1435 960 non
1479 895 1640 961 bene
1686 898 1762 961 de
1807 915 1870 960 se
1916 897 2188 975 meritoS,
2252 898 2395 979 quia
2440 896 2700 962 ciuitate

444 1002 724 1066 Romana
780 1000 1066 1085 indignos
1123 1000 1432 1077 iudicant,
1494 999 1638 1082 iugo
1683 999 1941 1064 Latinae
1999 998 2315 1065 libertatis
2372 999 2698 1065 addicunt:

441 1122 595 1186 quos
652 1105 895 1169 scilicet
950 1103 1167 1169 iubent
1225 1107 1476 1185 quidem
1531 1101 1645 1167 sub
1713 1101 2086 1167 libertorum
2146 1103 2333 1169 titulo
2376 1119 2558 1184 agere
2604 1103 2701 1167 ui-

441 1210 685 1289 uentes,
734 1207 842 1271 sed
888 1208 1110 1272 nolunt
1153 1207 1489 1290 quidquam
1546 1205 1778 1270 habere
1824 1204 2181 1270 morientes.
2259 1207 2485 1288 negato
2534 1205 2700 1271 enim

442 1309 541 1375 his
585 1309 851 1375 ultimae
898 1311 1241 1375 uoluntatis
1288 1308 1568 1386 arbitrio,
1616 1309 1808 1371 etiam
1855 1326 2012 1389 quae
2054 1308 2426 1390 superstites
2471 1309 2704 1374 habent

373 1441 425 1480 ιο
442 1414 779 1479 morientes
827 1415 1053 1478 donare
1101 1413 1549 1495 nonpossunt.
1624 1411 1717 1475 ita
1762 1429 1904 1495 ergo
1951 1413 2013 1476 et
2056 1411 2127 1475 tu
2172 1410 2492 1494 religiosos
2538 1414 2701 1478 filios
2722 1414 2808 1481 34

443 1520 587 1582 tuos
635 1516 812 1598 quasi
856 1515 1111 1581 Latinos
1159 1517 1330 1581 iubes
1377 1534 1507 1581 esse
1551 1513 1835 1596 libertos,
1884 1516 1957 1580 ut
2001 1515 2220 1580 uiuant
2251 1514 2494 1580 scilicet
2525 1515 2703 1598 quasi

443 1619 702 1702 ingenui
745 1625 809 1683 et
854 1619 1201 1685 moriantur
1246 1623 1318 1685 ut
1373 1619 1558 1701 serui,
1617 1622 1680 1684 et
1725 1619 1845 1685 iuri
1901 1618 2171 1684 fratrum
2228 1636 2481 1683 suorum
2529 1619 2707 1701 quasi

444 1741 554 1804 per
623 1723 947 1788 uinculum
1004 1724 1265 1789 Latinae
1331 1723 1645 1788 libertatis
1715 1722 2033 1800 adstricti,
2104 1722 2350 1787 etiamsi
2418 1723 2707 1786 uidentur

444 1826 695 1892 arbitrii
738 1827 836 1892 sui
883 1846 1032 1909 esse,
1079 1828 1229 1893 dum
1275 1827 1526 1911 uiuunt,
1572 1827 1752 1909 quasi
1797 1826 1914 1891 sub
1958 1826 2215 1891 illorum
2261 1828 2473 1890 tamen
2517 1826 2709 1908 positi

375 1930 757 2012 „potestate
813 1932 1183 1996 moriantur.
1265 1931 1415 2015 quid
1470 1932 1741 2012 tantum,
1803 1947 2046 2011 quaeso,
2107 1929 2359 1994 sceleris
2405 1928 2473 1993 in
2519 1928 2706 1993 titulo

447 2050 580 2098 esse
622 2033 940 2117 religionis
985 2036 1187 2118 putat-x,
1236 2033 1308 2098 ut
1349 2033 1487 2098 ideo
1533 2052 1654 2116 eos,
1704 2033 1811 2114 qui
1838 2031 2117 2114 religiosi
2148 2033 2314 2109 sunt,
2362 2032 2524 2098 filios
2570 2036 2709 2097 tuos

447 2154 582 2200 esse
647 2155 764 2203 non
836 2137 1065 2215 credaS,
1135 2137 1282 2219 quia
1347 2137 1461 2201 filii
1519 2138 1618 2202 dei
1674 2154 1806 2200 esse
1868 2136 2246 2218 coeperunt?
2310 2135 2377 2198 in
2422 2152 2541 2217 quo
2588 2134 2708 2199 tibi

447 2237 645 2304 bonae
698 2240 1048 2306 uoluntatis
1108 2240 1285 2322 quasi
1341 2239 1587 2322 piaculo
1644 2240 1734 2304 rei
1777 2238 1929 2304 facti
1987 2240 2152 2317 sunt,
2211 2239 2285 2302 ut
2327 2237 2557 2303 idcirco
2604 2255 2708 2302 eos

447 2345 630 2424 putes
679 2341 998 2408 habendos
1045 2361 1174 2408 esse
1219 2342 1476 2424 peiores,
1524 2342 1671 2424 quia
1716 2344 1934 2424 optant
1978 2360 2105 2406 esse
2153 2340 2483 2408 meliores?

373 2490 430 2533 ὀ
536 2464 714 2529 VIII.
763 2463 882 2529 Sed
928 2463 1141 2529 dicitis
1186 2482 1310 2529 non
1353 2480 1421 2528 eo
1468 2483 1504 2528 a
1533 2463 1710 2528 uobis
1743 2462 1947 2528 animo
1981 2463 2095 2527 hoc
2125 2462 2248 2545 agi.
2312 2463 2475 2546 quod
2507 2481 2700 2529 unum
2726 2471 2814 2539 35

448 2568 562 2647 est,
611 2586 682 2633 ac
728 2567 782 2632 si
828 2566 1137 2652 quispiam
1193 2567 1363 2632 dicat
1420 2568 1620 2632 malas
1665 2585 1762 2631 res
1809 2566 1969 2631 bono
2016 2566 2225 2632 animo
2270 2584 2307 2631 a
2351 2583 2417 2630 se
2462 2565 2598 2631 fieri
2644 2570 2707 2630 et

445 2670 775 2753 inpietatis
842 2670 1082 2735 facinus
1147 2669 1251 2752 pia
1319 2666 1528 2734 m'ente
1596 2668 1927 2734 committi.
2006 2667 2157 2751 quid
2211 2668 2484 2752 prodest,
2531 2684 2565 2731 o
2610 2669 2708 2732 in-

449 2774 895 2839 humanissimi
961 2777 1244 2855 parentes
1263 2821 1278 2851 ,
1347 2773 1510 2854 quod
1577 2772 1739 2837 filios
1806 2772 2129 2856 religiosos
2197 2770 2359 2836 bono
2432 2790 2469 2835 a
2529 2772 2708 2836 uobis

448 2875 817 2943 dehonorari
862 2878 1070 2942 animo
1118 2876 1501 2942 adseueratis
1519 2879 1551 2940 P
1595 2895 1695 2941 res
1739 2875 1873 2958 ipsa
1902 2877 2017 2940 hoc
2046 2876 2284 2958 respuit
2313 2892 2411 2939 res
2446 2873 2704 2939 refellit.

376 2998 671 3062 &parum
717 2984 811 3044 est
859 2981 1021 3062 quod
1067 2982 1245 3045 nudis
1276 2979 1734 3045 adsertionibus
1768 2980 1999 3065 dicitis,
2045 2979 2166 3063 ipsi
2195 2978 2442 3044 actibus
2475 2977 2707 3043 uestris

448 3083 669 3147 contra
713 3100 822 3147 uos
867 3084 1061 3148 testes
1106 3085 1279 3147 estis.
1347 3082 1673 3166 indignum
1722 3102 1866 3167 ergo
1912 3068 2335 3159 arbitramini,
2382 3084 2454 3147 ut
2485 3084 2710 3147 sancta

449 3204 522 3250 ac
564 3184 799 3266 placita
843 3186 955 3250 deo
1002 3186 1262 3269 pignora
1307 3185 1450 3251 filiis
1494 3186 1729 3250 mundo
1776 3185 2192 3252 seruientibus
2240 3186 2657 3267 conparentur
2676 3185 2709 3248 i*

449 3307 674 3353 uerum
717 3290 812 3353 est
857 3288 922 3353 et
963 3287 1120 3353 bene
1164 3289 1656 3365 arbitrabamini,
1705 3288 1760 3353 si
1807 3291 2021 3355 tamen
2067 3288 2327 3353 arbitrio
2372 3289 2493 3352 isto
2540 3288 2705 3351 iuste

450 3391 516 3457 et
559 3391 624 3457 in
671 3392 990 3457 diuersum
1035 3391 1391 3468 uteremini,
1453 3391 1520 3455 id
1564 3396 1677 3470 est,
1734 3395 1808 3455 ut
1853 3393 2274 3474 conparandos
2333 3389 2514 3456 bonis
2561 3388 2710 3454 filiis

377 3495 648 3562 eomalos
695 3493 1154 3582 et'peccatores
1216 3493 1446 3559 sanctis
1491 3511 1616 3558 non
1660 3494 1991 3575 putaretis„
2056 3496 2122 3558 et
2166 3492 2272 3576 qui
2316 3491 2482 3576 apud
2525 3491 2710 3556 deum

450 3597 587 3664 nita
631 3616 706 3663 ac
771 3598 1010 3663 meritis
1079 3598 1546 3677 antecellerent,
1614 3598 1781 3662 idem
1846 3599 2009 3680 apud
2075 3614 2186 3661 uos
2251 3595 2457 3680 gratia
2520 3594 2710 3676 atque

557 3801 592 3855 2
627 3802 748 3855 tuos
785 3800 841 3854 Β
1044 3801 1079 3855 8
1113 3801 1396 3870 quicquam
1435 3801 1559 3866 (sic)
1596 3801 1652 3854 A
1861 3801 1927 3855 13
1961 3799 2217 3855 adstricto
2250 3815 2292 3854 s.
2328 3816 2357 3853 e
2379 3815 2493 3855 scr.
2529 3801 2550 3853 i
2584 3816 2652 3854 m.
2676 3804 2714 3855 2

452 3886 508 3940 Β
716 3886 781 3941 19
826 3887 982 3955 putes
1019 3901 1089 3941 ex
1124 3887 1272 3955 putis
1314 3902 1454 3941 corr.
1489 3904 1559 3941 m.
1593 3891 1631 3942 2
1673 3887 1785 3942 AB
1817 3899 1826 3920 ³
1989 3886 2059 3941 24
2103 3886 2423 3940 asseueratis
2460 3891 2511 3940 et
2539 3887 2716 3955 paulo

444 3979 575 4042 post
611 3972 995 4027 assertionibus
1033 3988 1100 4027 ea·
1135 3972 1528 4027 adsertionibus
1564 3990 1705 4028 corr.
1744 3990 1810 4028 m.
1836 3975 1876 4028 2
1910 3973 1966 4027 Β
2145 3974 2212 4027 26
2249 3975 2414 4027 testes
2451 3988 2519 4027 em
2552 3973 2716 4028 testis

453 4074 594 4113 corr.
632 4075 701 4115 m.
737 4059 778 4111 2
812 4057 922 4111 ΑΒ
1129 4059 1536 4112 sancta—bene
1570 4059 1653 4114 bis
1686 4060 1898 4129 scripta
1930 4065 2065 4114 sunt
2098 4060 2162 4113 in
2196 4060 2252 4113 A
2288 4058 2385 4113 sed
2419 4059 2581 4136 semel
2616 4058 2717 4113 dc·

451 4145 567 4200 leta
599 4161 669 4199 m.
706 4150 737 4199 1
777 4149 826 4199 et
861 4146 902 4198 2
1132 4144 1202 4199 28
1238 4144 1580 4199 arbitramini
1615 4162 1684 4201 ex
1719 4135 2128 4200 arbitrabamini
2164 4160 2302 4200 corr.
2336 4161 2406 4199 m.
2443 4146 2484 4198 2
2521 4145 2574 4198 Β

453 4231 521 4285 31
559 4230 705 4285 idem
739 4235 936 4299 quater
971 4228 1226 4300 deinceps
1259 4231 1370 4285 ΑΒ
1424 4231 1590 4286 iidem
1626 4232 1709 4287 ed.
1747 4232 2017 4286 Baluzius
2555 4237 2558 4240 '
