3380 4919
597 329 683 394 30
1568 330 1876 385 Saluiani

1414 925 1839 1026 LIBER
1917 928 2028 1035 ΙΙ.

541 1219 573 1282 1
681 1206 733 1273 Ι.
795 1204 1130 1272 Sufficiunt
1172 1203 1366 1289 igitur
1414 1204 1493 1270 de
1538 1206 1835 1289 exemplis
1891 1205 2015 1272 ista
2059 1225 2215 1289 quae
2257 1208 2562 1289 diximuS,
2622 1211 2846 1292 quibus

597 1316 812 1398 utique
868 1311 1101 1394 iugiter
1158 1310 1306 1373 deus
1362 1311 1571 1373 noster
1626 1310 1692 1373 et
1739 1309 2190 1393 contemplator
2250 1311 2738 1401 sollicitissimus
2785 1319 2849 1380 et

595 1417 973 1502 gubernator
1030 1412 1351 1499 piissimus
1404 1413 1468 1477 et
1526 1410 1710 1476 iudex
1767 1411 2151 1478 iustissimus
2212 1418 2664 1498 comprobatur.
2740 1422 2850 1486 sed

596 1522 831 1607 cogitat
878 1521 953 1586 de
997 1514 1486 1600 imperitioribus
1531 1515 1693 1581 forte
1742 1515 2007 1596 aliquis:
2053 1515 2108 1581 si
2152 1515 2245 1581 sic
2288 1523 2559 1603 aguntur
2602 1539 2767 1586 nunc
2811 1540 2849 1589 a

597 1626 709 1691 deo
756 1623 984 1702 omnia,
1031 1624 1104 1686 ut
1148 1624 1300 1685 tunc
1342 1619 1487 1683 acta
1531 1620 1701 1696 sunt,
1750 1618 1900 1702 quid
1946 1620 2040 1683 est
2083 1621 2244 1703 quod
2287 1622 2441 1687 mali
2469 1624 2848 1706 praeualent
2889 1646 2915 1687 5

599 1729 982 1814 adfliguntur
1028 1726 1194 1804 boni,
1242 1724 1305 1787 et
1352 1741 1495 1788 cum
1542 1724 1695 1787 tuno
1737 1721 1897 1788 iram
1940 1723 2095 1787 mali
2141 1725 2447 1791 senserint
2493 1731 2555 1790 et
2597 1727 2848 1792 miseri-

600 1831 872 1898 cordiam
933 1829 1111 1907 boni‚
1169 1846 1336 1892 nunc
1388 1825 1681 1891 uidentur
1727 1826 1956 1911 sentire
2000 1828 2449 1907 quodammodo
2495 1829 2641 1894 boni
2685 1830 2846 1895 iram

599 1940 662 2002 et
706 1933 857 2000 mali
902 1933 1217 2017 gratiam?
1274 1929 1459 2012 paulo
1505 1932 1646 2012 post
1693 1931 1770 1994 ad
1813 1928 1940 1994 ista
1982 1929 2422 2012 respondeam:
2490 1951 2656 1997 nunc
2702 1931 2847 2016 quia

597 2038 720 2103 tria
747 2038 919 2114 haec,
954 2036 1015 2111 id
1042 2040 1135 2100 est
1164 2032 1583 2119 praesentiam
1614 2033 1733 2111 dei,
1765 2032 2281 2116 gubernationem
2309 2038 2494 2117 atque
2523 2036 2843 2118 iudicium,

593 2140 795 2205 tribus
852 2139 950 2204 his
1008 2157 1108 2202 me
1152 2138 1557 2221 probaturum
1605 2155 1736 2201 esse
1779 2136 2070 2219 promisi,
2126 2136 2240 2202 hoo
2284 2138 2411 2214 est,
2458 2138 2697 2204 ratione
2743 2158 2845 2204 ex·
2866 2166 2915 2204 ιο

594 2244 818 2324 emplis
850 2260 921 2307 ao
952 2241 1347 2321 testimoniiS,
1382 2242 1524 2324 quia
1552 2241 1792 2307 ratione
1820 2244 1884 2305 et
1914 2240 2215 2322 exemplis
2244 2241 2374 2307 iam
2404 2243 2843 2324 satisfecimuS,

594 2350 876 2429 superest
944 2347 1017 2410 ut
1080 2345 1460 2411 testimoniis
1529 2345 1938 2410 declaremus:
2009 2344 2297 2427 quamuis
2365 2347 2644 2429 exempla
2709 2348 2849 2429 ipsa

598 2470 753 2534 quae
798 2450 1065 2515 diximus
1111 2449 1327 2515 haberi
1371 2442 1480 2532 pro
1526 2449 1904 2515 testimoniis
1949 2446 2241 2528 debeant,
2289 2449 2435 2532 quia
2465 2451 2632 2516 recte
2661 2450 2845 2516 testi-

533 2555 874 2622 amonium
952 2573 1083 2619 esse
1152 2554 1382 2619 dicitur
1449 2570 1567 2635 quo
1640 2572 1846 2621 rerum
1920 2554 2151 2621 ueritas
2223 2554 2615 2637 adprobatur.
2694 2552 2844 2634 quid

593 2657 788 2739 igitur
846 2676 917 2721 ex
978 2657 1110 2723 illis
1180 2657 1379 2723 tribus
1450 2674 1604 2739 quae
1673 2674 1858 2739 supra
1917 2655 2083 2722 diota
2141 2659 2289 2722 sunt
2331 2675 2440 2739 per
2483 2655 2843 2722 testimonia
2863 2681 2912 2721 15

594 2777 770 2825 sacra
827 2760 1101 2842 primum
1165 2759 1409 2841 probari
1453 2759 1668 2836 debet,
1738 2759 2087 2841 praesentia
2133 2780 2212 2825 an
2259 2758 2631 2842 gubernatio
2680 2777 2839 2838 anne

593 2862 944 2926 iudicium?
1004 2863 1372 2944 praesentia,
1435 2860 1671 2944 opinor,
1736 2861 1897 2944 quia,
1961 2863 2068 2944 qui
2129 2862 2229 2926 uel
2273 2865 2554 2928 recturus
2600 2863 2695 2925 est
2739 2862 2843 2926 uel

593 2964 1010 3041 iudicaturuS‚
1070 2982 1360 3046 praesens
1408 2965 1640 3046 absque
1687 2963 1874 3030 dubio
1920 2982 2050 3029 esse
2093 2964 2313 3042 debet,
2360 2967 2430 3029 ut
2475 2964 2578 3028 uel
2623 2983 2840 3048 regere

594 3068 888 3151 quicquid
934 3069 1093 3135 illud
1139 3072 1230 3132 est
1275 3067 1378 3132 uel
1423 3068 1697 3133 iudicare
1741 3068 1957 3151 possit.
2019 3070 2275 3152 loquens
2320 3068 2840 3135 in-uoluminibus

593 3171 721 3237 suis
780 3190 984 3237 sermo
1046 3170 1294 3235 diuinus
1339 3171 1428 3236 sic
1473 3172 1592 3238 ait:
1661 3174 1738 3237 in
1785 3174 1987 3237 omni
2048 3174 2224 3238 looo
2286 3171 2500 3236 oculi
2546 3173 2910 3240 dominiao

594 3275 1241 3359 contemplantur
1284 3274 1526 3341 bonos
1575 3280 1647 3342 et
1693 3277 1957 3341 malos.
2020 3293 2158 3340 ecce
2201 3274 2389 3339 habes
2426 3280 2837 3360 praesentem,

591 3397 728 3445 ecce
775 3380 1139 3458 intuentem,
1185 3397 1324 3444 ecce
1368 3379 1434 3442 in
1478 3379 1648 3443 omni
1693 3380 1827 3444 loco
1875 3396 1945 3443 ac
1970 3397 2081 3460 per
2111 3376 2413 3442 uisionem
2445 3377 2837 3462 uigilantem.

590 3483 824 3549 idcirco
883 3483 1049 3548 enim
1109 3483 1173 3547 et
1226 3482 1416 3548 bonos
1477 3480 1554 3545 ab
1615 3501 1683 3546 eo
1731 3481 2102 3546 considerari
2160 3480 2223 3544 et
2277 3473 2506 3545 malos‘
2534 3480 2720 3561 dixit,
2766 3483 2840 3547 ut

2981 3370 3020 3386 d

794 3667 862 3720 20
897 3668 1053 3720 Pron.
1095 3667 1174 3734 15,
1213 3668 1246 3721 3

692 3837 725 3889 9
778 3837 887 3889 tria
939 3836 994 3889 B
1045 3837 1108 3889 in
1155 3854 1252 3906 my.
1463 3838 1527 3891 13
1580 3835 1766 3889 haberi
1810 3851 1876 3889 ex
1919 3833 2113 3888 habere
2156 3850 2190 3886 v
2237 3850 2378 3891 corr.
2415 3854 2483 3892 m.
2520 3841 2586 3894 2:
2644 3839 2838 3894 habere

589 3921 699 3974 AB
910 3922 971 3974 17
1021 3923 1112 3990 qui
1158 3923 1268 3976 AB
1315 3929 1365 3978 et
1399 3924 1534 3978 coni.
1574 3922 1974 3977 Rittershusius
2020 3923 2140 3988 (om.
2179 3921 2260 3976 ed.
2292 3927 2405 3990 pr.)
2617 3926 2681 3979 18
2726 3941 2838 3979 esse

589 4023 691 4064 om.
728 4007 783 4060 B
817 4023 883 4060 m.
910 4012 941 4060 1
1114 4009 1218 4076 uel]
1256 4012 1275 4061 l
1312 4025 1354 4064 s,
1382 4010 1416 4064 l.
1453 4009 1506 4061 A
1541 4026 1609 4063 m.
1635 4013 1666 4061 1
1852 4006 1916 4060 21
1954 4007 2123 4061 malos
2161 4013 2216 4063 et
2253 4009 2418 4063 bonos
2453 4011 2509 4064 A
2541 4011 2637 4065 sed
2665 4012 2839 4080 paulo

582 4098 710 4162 post
743 4099 790 4157 §-
820 4097 854 4147 5
888 4093 1028 4147 idem
1064 4093 1230 4147 bonos
1266 4097 1320 4147 et
1354 4095 1522 4148 malos
1558 4094 1716 4148 habet
1890 4093 2091 4149 habens
2129 4096 2184 4148 A
2355 4096 2424 4150 22
2457 4113 2551 4166 per
2577 4098 2838 4151 uisionem

590 4180 908 4234 Hartelius:
956 4179 1258 4247 prouisione
1293 4179 1404 4232 AB
1440 4180 1728 4242 Halmium
1784 4180 1888 4246 cfr.
1925 4181 2085 4248 infra
2119 4188 2154 4246 ἕ
2188 4185 2247 4235 5:
2297 4183 2595 4252 generalem
2632 4198 2744 4237 esse
2780 4182 2838 4235 in

589 4281 769 4320 omnes
806 4265 1010 4319 domini
1048 4263 1304 4319 uisionem

218 4477 665 4700 'N

86 4699 117 4774 if
