3380 4919
1186 388 1260 443 de
1294 390 1564 458 gubern.
1603 390 1713 445 dei
1759 391 1789 446 Ι
1828 397 1857 458 5
1897 393 2118 449 10-14.
2492 392 2494 396 ⁴
2739 402 2778 467 9

531 577 805 660 religiosi
863 597 937 644 ac
980 580 1183 645 sancti
1228 581 1350 645 uiri
1396 581 1607 646 miseri
1651 598 1773 644 non
1817 580 2077 663 putandi
2120 582 2297 662 sunt,
2346 584 2450 666 qui
2495 589 2557 650 et
2601 606 2778 669 prae-

529 680 727 746 sentis
757 680 905 746 fidei
935 682 1397 748 oblectamenta
1429 684 1684 767 capiunt
1716 684 1781 749 et
1800 683 2207 749 beatitudinis
2232 685 2479 752 futurae
2501 690 2779 771 praemia

530 785 997 866 consequentur.

614 923 735 987 ΙΙΙ.
769 923 945 988 Dixit
977 925 1230 1007 quidam
1264 942 1334 988 ex
1364 924 1524 999 istiS,
1563 925 1638 988 de
1669 925 1891 1007 quibus
1914 926 2247 1007 querimur,
2281 926 2524 991 cuidam
2562 931 2776 994 sancto
2802 930 2879 995 13

486 1028 664 1091 auiro
711 1028 1053 1092 secundum
1097 1028 1383 1093 ueritatis
1426 1027 1709 1109 regulam
1756 1027 2079 1110 sentienti,
2127 1028 2190 1094 id
2238 1033 2363 1108 est,
2423 1031 2584 1112 quod
2627 1034 2775 1098 deus

530 1129 740 1196 omnia
797 1132 1041 1213 regeret
1097 1148 1206 1208 ac,
1265 1131 1450 1212 prout
1505 1132 1777 1196 humano
1835 1131 2050 1214 generi
2093 1134 2507 1198 necessarium
2553 1138 2774 1215 nosset,

528 1234 1015 1299 moderationem
1059 1251 1237 1297 suam
1283 1236 1343 1298 et
1388 1232 1880 1316 gubernaculum
1925 1235 2332 1316 temperaret:
2378 1254 2567 1317 quare
2613 1256 2773 1321 ergo,

529 1337 806 1420 inquam,
855 1339 926 1401 tu
957 1336 1087 1421 ipse
1118 1336 1403 1401 infirmus
1442 1339 1555 1401 es?
1598 1336 1714 1401 hoc
1748 1337 1966 1419 utique
1998 1354 2066 1401 eo
2098 1355 2279 1402 sensu
2313 1342 2496 1421 atque
2528 1339 2773 1418 iudici0‚

530 1440 644 1505 hoc
690 1443 820 1505 est:
868 1439 923 1503 si
968 1438 1139 1517 deus,
1190 1444 1262 1503 ut
1307 1442 1510 1520 putaS,
1557 1439 1622 1503 in
1669 1439 1785 1503 hac
1829 1439 2142 1520 praesenti
2174 1439 2309 1505 uita
2339 1442 2548 1506 omnia
2590 1443 2773 1527 regit,

460 1566 511 1604 ιο
530 1545 585 1608 si
629 1542 778 1608 deus
825 1545 1049 1607 cuncta
1096 1542 1434 1626 dispensat,
1482 1561 1602 1626 qua
1642 1543 1885 1607 ratione
1916 1561 2104 1607 sanus
2138 1561 2208 1608 ac
2238 1542 2416 1607 fortis
2449 1547 2543 1609 est
2573 1546 2773 1629 homo,

530 1665 714 1729 quem
756 1647 1145 1729 peccatorem
1189 1647 1330 1729 scio,
1379 1650 1442 1710 et
1473 1649 1543 1710 tu
1588 1645 1892 1723 infirmus,
1941 1664 2121 1727 quem
2155 1650 2444 1711 sanctum
2478 1666 2611 1713 esse
2652 1668 2776 1714 non

531 1749 775 1832 ambigo
793 1752 824 1814 Ρ
897 1749 1034 1830 quis
1078 1753 1209 1815 tam
1255 1749 1543 1832 profundi
1590 1748 1789 1815 cordis
1834 1749 2042 1814 uirum
2085 1767 2208 1814 non
2254 1751 2614 1831 admiretur,
2670 1753 2775 1834 qui

529 1853 756 1917 merita
799 1852 1231 1937 religiosorum
1280 1855 1467 1936 atque
1514 1853 1784 1918 uirtutes
1815 1856 1948 1917 tam
1978 1854 2222 1937 magnis
2262 1855 2775 1921 retributionibus

531 1955 751 2040 dignas
797 1959 1016 2038 putat,
1075 1958 1147 2021 ut
1207 1957 1272 2020 in
1318 1956 1633 2040 praesenti
1677 1958 1795 2021 hac
1839 1955 1974 2021 uita
2017 1974 2226 2022 carnes
2272 1959 2335 2022 et
2379 1956 2775 2023 fortitudines

459 2079 507 2117 ιε»
528 2077 851 2140 corporum
909 2061 1188 2141 praemia
1242 2061 1421 2143 putet
1480 2060 1699 2125 debere
1759 2077 1889 2124 esse
1946 2060 2353 2124 sanctorum?
2439 2062 2775 2144 respondeo
2799 2057 2878 2122 14

525 2162 723 2244 igitur
779 2181 902 2228 non
957 2164 1138 2228 unius
1193 2164 1442 2228 tantum
1500 2162 1779 2245 religiosi
1846 2162 2094 2226 nomine
2153 2167 2262 2229 sed
2305 2164 2773 2230 uniuersorum:

526 2265 772 2346 quaeris
817 2264 1034 2348 igitur,
1085 2267 1362 2349 quisquis
1407 2267 1515 2331 ille
1560 2285 1644 2350 eS,
1694 2284 1816 2348 qua
1859 2264 2099 2331 ratione
2145 2266 2376 2330 infirmi
2421 2269 2545 2331 sint
2577 2269 2776 2332 sancti

529 2366 701 2432 uiri?
762 2369 1097 2450 respondeo
1141 2369 1447 2434 breuiter:
1509 2369 1654 2449 quia
1698 2368 1835 2432 ideo
1879 2368 2082 2434 sancti
2127 2369 2247 2432 uiri
2298 2368 2663 2433 infirmiores
2709 2387 2773 2433 se

526 2490 659 2536 esse
703 2471 974 2550 faciunt,
1039 2473 1202 2554 quia,
1250 2473 1303 2537 si
1347 2472 1541 2537 fortes
1588 2471 1853 2549 fuerint,
1908 2471 2112 2535 sancti
2158 2490 2290 2536 esse
2334 2472 2440 2536 uix
2492 2476 2771 2555 possunt.

453 2597 505 2637 20
525 2574 742 2657 opinor
801 2575 968 2640 enim
1026 2594 1237 2640 omnes
1297 2574 1548 2639 omnino
1607 2575 1893 2639 homines
1949 2574 2104 2639 cibis
2160 2592 2233 2639 ac
2284 2575 2519 2659 poculis
2580 2575 2769 2640 fortes

525 2695 688 2757 esse,
753 2678 1031 2743 infirmos
1081 2680 1293 2743 autem
1339 2677 1717 2743 abstinentia
1761 2676 2051 2742 ariditate
2103 2676 2373 2742 ieiuniis.
2459 2689 2583 2742 non
2628 2696 2772 2760 ergo

523 2782 755 2846 mirum
800 2784 912 2861 est,
963 2782 1125 2863 quod
1155 2781 1391 2846 infirmi
1421 2784 1567 2845 sunt
1599 2780 1709 2863 qui
1740 2799 1919 2844 usum
1953 2798 2164 2844 earum
2195 2799 2402 2844 rerum
2446 2782 2770 2862 respuunt,

526 2901 639 2964 per
685 2901 840 2966 quas
888 2884 998 2949 alii
1042 2884 1234 2948 fortes
1280 2883 1459 2948 fiunt.
1527 2885 1588 2948 et
1635 2887 1731 2947 est
1776 2885 1934 2948 ratio
1980 2900 2089 2947 cur
2132 2884 2463 2965 respuant,
2527 2883 2771 2949 dicente

524 2986 717 3052 Paulo
763 2988 1037 3068 apostolo
1081 2990 1157 3053 de
1195 3005 1260 3051 se
1306 2986 1475 3069 ipso:
1524 2986 1839 3068 castigo
1886 3004 2161 3068 corpus
2206 3005 2458 3050 meum
2504 2989 2577 3050 et
2622 3004 2773 3051 ser-

453 3089 780 3153 25uituti
826 3090 1173 3169 subicio,
1220 3109 1308 3155 ne
1353 3089 1594 3168 forte,
1657 3107 1823 3153 cum
1869 3088 2059 3154 aliis
2103 3088 2770 3172 praedicanerim,

523 3190 688 3272 ipse
718 3212 749 3256 r
773 3193 1105 3275 eprobus
1142 3191 1499 3259 efficiar.
1532 3194 1587 3257 si
1614 3192 2042 3257 infirmitatem
2074 3192 2339 3274 corporis
2362 3191 2772 3275 adpetendam

526 3293 645 3359 sibi
669 3296 860 3360 etiam
890 3294 1203 3378 apostolus
1235 3296 1440 3376 putat,
1474 3294 1614 3378 quis
1639 3294 1949 3377 sapienter
1975 3294 2219 3359 euitat?
2251 3295 2306 3358 si
2335 3293 2771 3361 fortitudinem

529 3396 726 3461 carnis
779 3397 1093 3479 apostolus
1143 3397 1406 3476 metuit,
1469 3396 1609 3479 quis
1668 3396 2124 3461 rationabiliter
2176 3396 2353 3461 fortis
2412 3416 2544 3463 esse
2594 3414 2770 3480 prae-

525 3500 769 3564 sumit?
816 3501 1007 3568 baec
1053 3518 1197 3583 ergo
1244 3503 1401 3567 ratio
1456 3500 1583 3578 est,
1644 3519 1763 3584 qua
1819 3499 2101 3565 homines
2148 3498 2395 3565 Christo
2458 3498 2653 3566 dediti
2708 3503 2770 3562 et

725 3702 795 3757 24
846 3703 876 3758 Ι
911 3703 1028 3759 Cor.
1066 3703 1114 3769 9,
1153 3704 1220 3757 27

627 3890 652 3943 1
693 3890 962 3957 presentia
996 3890 1051 3944 A
1222 3890 1254 3943 6
1290 3892 1447 3958 prout
1470 3890 1703 3943 humano
1732 3888 1916 3958 generi
1940 3888 2287 3943 necessarium
2327 3890 2735 3946 Rittershusius
2751 3911 2768 3945 .·

522 3990 618 4042 pro
651 3976 886 4030 humano
924 3992 1110 4047 genere
1147 3977 1501 4031 necessarium
1548 3977 1661 4030 AB
1866 3975 1900 4029 9
1947 3974 2047 4029 hoc
2094 3978 2181 4029 est
2221 3976 2615 4046 interpolatum
2660 3993 2770 4032 esse

514 4062 769 4128 putarim
961 4062 1027 4116 10
1062 4077 1219 4117 sanus
1255 4063 1310 4117 B
1347 4062 1476 4118 add.
1513 4078 1580 4117 m.
1607 4064 1647 4117 2
1682 4067 1734 4116 et
1768 4066 1900 4117 mut.
1940 4061 2072 4115 satis
2107 4063 2171 4116 in
2204 4062 2365 4117 fortis
2563 4064 2623 4117 11
2663 4079 2769 4118 non

523 4147 578 4200 B
612 4162 651 4204 s.
680 4150 715 4203 l.
752 4165 819 4203 m.
845 4154 877 4203 1
1083 4148 1150 4202 14
1183 4148 1255 4217 et]
1294 4149 1456 4216 atque
1492 4148 1547 4202 B
1752 4147 1820 4202 23
1854 4149 2106 4217 respuant
2140 4163 2206 4204 ex
2240 4152 2499 4218 respuunt
2533 4164 2674 4204 corr.
2713 4151 2769 4204 B

520 4249 590 4288 m.
626 4237 667 4288 2
853 4234 924 4289 24
957 4234 1211 4288 seruituti
1246 4234 1467 4303 subicio]
1506 4235 1564 4288 in
1599 4235 1919 4289 seruitutem
1953 4235 2134 4304 redigo
2171 4236 2223 4290 B
2417 4236 2487 4289 26
2521 4236 2769 4305 reprobos

521 4320 653 4387 Ais.
694 4336 723 4373 o
758 4321 859 4375 ult.
895 4321 1016 4391 syll.
1053 4336 1154 4375 scr.
1191 4337 1225 4373 u
1259 4337 1328 4375 m.
1365 4336 1470 4377 rec.
