3380 4919
1147 283 1221 338 de
1257 283 1522 354 gubern.
1559 282 1666 337 dei
1707 283 1755 337 V
1801 289 1831 349 ἓ
1867 286 2057 340 8-14.
2611 282 2733 350 105

476 494 664 552 eam,
711 472 1145 557 uapulabit
1189 475 1492 557 paucis:
1539 474 1674 556 qui
1718 478 1977 539 autem
2021 473 2178 539 scit
2223 476 2298 538 et
2342 491 2483 539 non
2529 474 2734 539 facit

475 595 666 654 eam,
716 575 1137 658 uapulabit
1181 575 1486 641 multis

559 694 679 760 III.
745 696 887 761 Non
935 713 1079 779 ergo
1139 698 1468 776 miremur,
1531 697 1695 778 quod
1742 696 1963 762 multis
2008 696 2359 774 caedimur,
2422 696 2569 777 quia
2611 693 2839 760 1101112

473 799 808 866 inscientia
852 799 959 864 sed
1019 799 1357 865 rebellione
1414 816 1765 884 peccamus.
1843 801 2109 866 scientes
2170 798 2337 863 enim
2395 800 2554 864 bona
2613 808 2737 862 non

435 903 633 968 :bene
676 903 924 985 agimus
970 905 1034 968 et
1080 900 1513 967 discretionem
1559 902 1715 966 recti
1761 920 1833 968 ac
1861 902 2039 984 praui
2074 901 2512 985 intellegentes
2543 917 2738 982 praua

479 1009 827 1071 sectamur:
896 1006 1098 1088 legem
1165 1004 1437 1090 legimus
1500 1008 1561 1070 et
1631 1005 1920 1086 legitima
1983 1006 2290 1070 calcamus
2352 1007 2416 1068 et
2477 1004 2555 1068 ad
2621 1002 2737 1067 hoc

480 1108 728 1173 tantum
775 1109 1251 1192 praeceptorum
1295 1124 1611 1172 sacrorum
1655 1109 1815 1173 scita
1857 1107 2309 1191 cognoscimuS,
2362 1111 2434 1172 ut
2479 1106 2735 1190 grauius

478 1212 623 1296 post
667 1211 1003 1277 interdicta
1044 1230 1396 1293 peccemus:
1444 1211 1633 1277 deum
1678 1210 1878 1276 colere
1925 1227 2035 1275 nos
2066 1209 2335 1275 dicimus
2382 1214 2446 1273 et
2491 1208 2733 1274 diabolo

479 1313 1003 1396 obtemperamus.
1080 1315 1142 1377 et
1185 1314 1328 1396 post
1371 1313 1523 1378 haec
1565 1314 1858 1379 uolumus
1902 1317 1977 1378 ut
2019 1313 2181 1379 bona
2214 1331 2252 1377 a
2310 1313 2423 1377 deo
2470 1311 2734 1395 accipia·
2761 1312 2844 1377 13

410 1439 462 1491 :o
478 1435 640 1494 mus,
687 1436 828 1482 cum
875 1417 1060 1482 malis
1104 1416 1273 1482 mala
1317 1434 1557 1500 semper
1603 1416 1939 1482 addamus:
2003 1416 2141 1482 fieri
2184 1414 2580 1482 uoluntatem
2626 1431 2738 1478 no·

479 1523 679 1586 stram
723 1539 761 1585 a
814 1521 925 1586 deo
991 1520 1297 1601 cupimuS,
1367 1537 1513 1584 cum
1580 1520 1680 1584 dei
1748 1537 1861 1585 nos
1928 1519 2130 1584 facere
2197 1517 2488 1583 nolimus,
2561 1516 2742 1600 quasi

479 1621 825 1706 superiores
867 1639 977 1687 nos
1024 1624 1137 1688 deo
1182 1623 1445 1705 agimus.
1510 1622 1800 1688 uolumus
1832 1624 1905 1687 ut
1948 1622 2264 1687 uoluntati
2306 1622 2557 1685 nostrae
2587 1620 2737 1684 deus

479 1727 712 1809 iugiter
755 1728 990 1809 pareat,
1037 1742 1176 1789 cum
1223 1744 1438 1790 omnes
1470 1743 1580 1790 nos
1626 1725 1941 1791 uoluntati
1986 1723 2117 1790 eius
2159 1724 2388 1807 iugiter
2430 1740 2738 1806 repugne-

479 1847 639 1894 mus.
717 1828 824 1892 sed
892 1826 1000 1891 ille
1067 1828 1268 1897 iustus
1334 1830 1449 1912 est,
1517 1828 1667 1895 licet
1711 1846 1824 1893 nos
1886 1827 2081 1892 simus
2140 1825 2394 1903 iniusti:
2471 1826 2742 1908 castigat

414 1933 645 1997 :renim
691 1948 846 2013 quos
878 1929 1270 2012 castigandos
1300 1933 1503 2015 putat,
1549 1932 1794 2015 patitur
1825 1949 1975 2013 quos
2011 1932 2197 2013 putat
2225 1947 2358 1995 esse
2387 1929 2739 2013 patiendos.

479 2038 817 2116 utrumque
877 2034 956 2098 ad
1013 2051 1206 2099 unam
1266 2053 1399 2098 rem
1467 2036 1608 2100 uult
1677 2035 1983 2116 proficere,
2053 2037 2126 2098 ut
2187 2036 2252 2099 et
2297 2032 2628 2115 castigatio
2672 2032 2740 2099 in

483 2137 803 2202 catholicis
847 2137 1150 2219 peccandi
1194 2136 1462 2200 refrenet
1505 2137 1858 2216 libidinem,
1907 2140 1970 2200 et
2001 2136 2368 2219 quandoque
2402 2133 2740 2199 haereticos

484 2239 784 2322 patientia
830 2239 932 2304 dei
974 2237 1167 2303 faciat
1211 2238 1462 2321 plenam
1516 2239 1662 2304 fidei
1722 2257 1970 2305 noscere
2030 2239 2400 2318 ueritatem,
2468 2237 2739 2302 maxime

487 2360 629 2407 cum
672 2342 828 2407 sciat
875 2360 979 2407 eos
1011 2341 1274 2407 forsitan
1319 2342 1631 2431 catholica
1660 2359 1784 2407 non
1827 2340 2114 2424 indignos
2145 2342 2285 2421 fide,
2331 2359 2484 2424 quos
2529 2341 2742 2405 uideat

414 2474 467 2536 ²9
485 2445 807 2512 catholicis
876 2445 1045 2512 uitae
1119 2446 1580 2529 comparatione
1643 2447 1981 2528 praestare.
2056 2463 2268 2511 omnes
2332 2448 2545 2511 autem
2609 2444 2737 2529 isti,
2762 2445 2845 2511 14

484 2552 560 2616 de
605 2551 836 2634 quibus
896 2548 1232 2631 loquimur,
1293 2551 1404 2614 aut
1450 2548 1751 2615 Wandali
1811 2552 1961 2615 sunt
2021 2551 2132 2615 aut
2178 2548 2399 2625 Gothi;
2470 2566 2619 2613 nam
2665 2547 2740 2613 de

480 2655 779 2720 Romanis
838 2652 1201 2730 haereticiS,
1267 2670 1532 2734 quorum
1599 2656 1924 2717 innumera
1982 2652 2324 2732 multitudo
2384 2654 2511 2730 est,
2579 2649 2741 2715 nihil

482 2756 777 2834 dicimuS‚
839 2774 1036 2839 neque
1097 2756 1209 2821 aut
1253 2755 1552 2840 Romanis
1611 2773 1716 2820 eos
1776 2756 1890 2821 aut
1945 2754 2229 2822 barbaris
2288 2772 2738 2838 comparamuS,

485 2862 631 2940 quia
674 2861 738 2924 et
780 2859 1157 2925 infidelitate
1201 2859 1495 2924 Romanis
1549 2862 1718 2944 sunt*
1748 2859 2082 2925 deteriores
2127 2860 2191 2923 et
2233 2858 2530 2934 foeditate
2573 2856 2741 2923 uitae

418 2961 766 3052 sobarbaris
831 2962 1157 3046 turpiores,
1233 2962 1342 3026 sed
1408 2960 1527 3048 hoc
1592 2979 1703 3026 nos
1741 2980 1893 3027 .11011
1951 2963 2157 3030 solum
2217 2979 2341 3027 non
2407 2963 2592 3038 iuuat,
2631 2960 2743 3025 sed

489 3062 682 3129 etiam
727 3084 911 3147 supra
954 3065 1039 3145 id,
1086 3065 1246 3148 quod
1293 3083 1330 3129 a
1374 3064 1550 3130 nobis
1595 3064 1750 3147 ipsis
1794 3084 2151 3150 grauamur,
2200 3065 2443 3149 grauat,
2488 3063 2634 3148 quia
2678 3063 2743 3127 et

488 3166 556 3244 ii,
604 3184 756 3249 quos
802 3168 959 3232 tales
1007 3187 1338 3233 causamur
1383 3185 1534 3243 esse,
1594 3168 1864 3233 Romani
1915 3171 2081 3234 sunt.
2158 3169 2321 3232 unde
2379 3167 2742 3249 intellegere

484 3287 833 3352 possumuS,
880 3270 1031 3354 quid
1078 3275 1392 3336 mereatur
1435 3270 1651 3355 omnis·
1676 3270 1957 3336 Romana
1998 3271 2365 3354 respublica,
2409 3288 2554 3366 cum
2597 3286 2740 3352 pars

589 3528 620 3578 1
669 3529 952 3597 uapulauit
986 3529 1042 3582 A
1076 3529 1206 3585 item
1234 3527 1408 3595 paulo
1442 3532 1570 3595 post
1812 3526 1917 3579 scit
1963 3541 2079 3579 eam
2125 3525 2181 3582 Β
2232 3526 2328 3594 qui
2372 3522 2515 3579 idem
2558 3523 2745 3579 statim

488 3623 588 3664 om.
626 3626 745 3666 eam
952 3615 987 3667 3
1044 3614 1173 3682 quia
1204 3614 1321 3668 ·sed
1367 3628 1401 3668 a
1446 3613 1509 3667 im
1541 3627 1653 3667 ras.
1708 3611 1765 3666 A
1806 3664 1813 3673 ,
1970 3613 2005 3667 5
2056 3615 2196 3666 reete
2241 3627 2302 3665 ac
2337 3626 2501 3680 praue
2554 3611 2610 3664 A

486 3693 524 3747 6
555 3697 610 3748 et
646 3699 794 3761 (ante
829 3699 898 3753 ad
931 3699 1052 3766 hoc)
1086 3700 1144 3754 A
1177 3715 1318 3754 corr.
1356 3715 1427 3754 ex
1463 3701 1521 3753 at
1554 3698 1647 3754 uel
1680 3699 1747 3752 ut
1956 3699 2015 3751 11
2055 3698 2288 3753 nolimus
2323 3713 2395 3753 ex
2429 3698 2678 3752 nolumus
2713 3711 2747 3751 v

486 3795 624 3836 corr.
659 3799 728 3836 m.
765 3786 807 3838 2
842 3785 1198 3851 (Brassicani
1226 3786 1305 3852 ?):
1357 3787 1608 3841 nolumus
1653 3785 1766 3839 AB
1955 3784 2043 3846 ,12
2090 3800 2186 3840 nos
2221 3783 2517 3853 superiores
2552 3783 2609 3837 B
2709 3815 2740 3840 ·.

486 3866 763 3922 uoluntati
799 3872 1017 3924 nostrae
1053 3886 1121 3925 ex
1155 3871 1438 3928 uoluntate
1473 3888 1524 3927 n.
1561 3872 1619 3930 A
1651 3886 1796 3927 corr.
1831 3872 1977 3928 m.„.2
2206 3870 2270 3924 13
2315 3884 2617 3939 pugnemus
2652 3868 2748 3924 sed

487 3968 544 4006 10
573 3968 616 4007 s.
651 3970 686 4022 p
708 3968 908 4021 sevum.
930 3957 971 4009 2
1005 3955 1063 4009 A
1236 3957 1302 4011 15
1336 3958 1620 4026 paciendos
1654 3957 1712 4012 A
1803 3999 1807 4006 .
1892 3957 1957 4011 17
1995 3956 2255 4012 hereticos
2290 3972 2357 4011 ex
2391 3955 2657 4012 hereticus
2692 3955 2749 4012 A

486 4054 626 4096 corr.
680 4055 748 4094 m.
797 4042 838 4094 2
1045 4041 1112 4095 18
1163 4041 1322 4109 plena
1373 4044 1431 4098 A
1479 4043 1576 4098 sed
1627 4043 1833 4106 lineola
1882 4058 2051 4111 cuper
2102 4058 2137 4112 ‚a
2190 4058 2332 4097 eras.
2384 4041 2612 4100 :videtur

485 4125 554 4192 21
600 4124 860 4188 uuandali
905 4126 961 4179 A
995 4126 1195 4194 ubique
1401 4129 1468 4183 25
1520 4129 1785 4198 turpiores
1806 4159 1871 4170 —
1892 4144 2053 4198 supra
2094 4128 2153 4186 id
2197 4128 2339 4196 quod
2382 4129 2439 4182 B
2474 4128 2539 4183 in
2574 4143 2749 4197 marq:

486 4210 646 4265 habet
849 4211 918 4265 27
955 4211 1035 4265 hii
1069 4212 1182 4266 AB
1229 4235 1236 4243 ·
1385 4213 1454 4268 28
1490 4213 1632 4283 quod
1665 4216 1723 4269 B
2688 4242 2692 4248 ·
2741 4253 2746 4256 -
