3380 4919
643 319 769 383 214
1466 333 1473 339 ’
1603 316 1918 368 Saluiani

1445 590 1906 674 EPISTOLA
1969 591 2087 673 VI.

905 797 1261 861 Limenio
1308 795 1733 861 Saluianus
1778 797 1858 860 in
1902 797 2210 861 domino
2254 797 2622 861 salutem.

724 917 857 980 Etsi
903 915 1029 980 scio
1073 915 1362 980 honestas
1410 919 1649 982 mentes
1706 919 1886 999 probi
1934 919 2192 983 affectus
2247 937 2370 982 non
2427 918 2712 983 obliuisci
2758 919 2891 983 ideo

642 1022 785 1103 quia
841 1019 988 1085 boni
1030 1021 1097 1084 in
1141 1021 1312 1086 bonis
1375 1020 1605 1085 studiis
1651 1022 1826 1102 quasi
1872 1024 2162 1085 naturam
2217 1021 2670 1102 quodammodo
2714 1040 2892 1085 suam

645 1124 936 1208 diligunt,
982 1126 1193 1187 tamen
1226 1123 1389 1206 quia,
1429 1128 1734 1205 quantum
1766 1125 1832 1187 in
1863 1124 2041 1188 nobis
2072 1123 2186 1200 est,
2220 1142 2444 1206 augere
2477 1142 2587 1188 nos
2618 1142 2891 1188 amorem
2936 1144 2963 1184 5

642 1226 944 1292 bonorum
1007 1227 1346 1290 amicorum
1403 1226 1604 1290 officio
1662 1230 1874 1290 nostro
1933 1226 2247 1303 conuenit,
2310 1227 2769 1291 admonendum
2828 1228 2893 1290 te

642 1328 922 1394 caritatis
971 1329 1118 1393 olim
1169 1348 1205 1393 a
1249 1348 1349 1392 me
1396 1332 1668 1410 coeptae,
1713 1348 1908 1411 nuper
1950 1349 1987 1394 a
2030 1329 2093 1392 te
2139 1333 2354 1394 auctae
2402 1330 2773 1406 existimaui,
2822 1331 2892 1394 ut

640 1431 853 1515 legens
898 1430 1194 1512 epistolas
1239 1449 1424 1509 meas
1475 1431 1622 1495 dum
1666 1432 1731 1496 in
1780 1452 1879 1495 me
1913 1431 2195 1497 studium
2241 1434 2334 1496 tui
2367 1432 2596 1497 amoris
2627 1433 2887 1509 uidereS,

639 1534 706 1597 in
752 1538 812 1597 te
857 1533 983 1597 mei
1021 1533 1404 1597 accenderes.
1479 1536 1655 1600 dabit
1699 1540 1930 1611 autem,
1980 1554 2103 1599 non
2151 1535 2422 1619 ambige,
2468 1539 2616 1600 deus
2661 1539 2886 1611 noster,

641 1637 714 1699 ut
758 1636 1049 1701 affectum
1081 1635 1578 1702 Christianorum
1624 1640 1692 1701 in
1736 1641 1800 1702 te
1844 1638 2146 1720 recipiens
2178 1637 2412 1703 Christi
2456 1639 2591 1720 ipse
2634 1638 2889 1703 affectus
2907 1663 2958 1702 ιο

640 1739 774 1804 fiaS.
840 1740 978 1803 uale
1026 1741 1088 1803 in
1138 1740 1406 1803 domino.

1424 2029 1885 2113 EPISToLA
1944 1965 2099 2112 Vn.

580 2243 611 2304 1
1225 2233 1426 2313 Apro
1484 2240 1556 2296 et
1603 2233 1796 2297 Vero
1852 2233 2296 2298 Saluianus,

722 2351 933 2417 Officii
980 2352 1067 2416 sit
1112 2372 1192 2417 an
1237 2355 1638 2436 inpudentiae
1684 2356 1847 2436 quod
1891 2356 2063 2435 prius
2108 2355 2186 2418 ad
2234 2370 2341 2417 uos
2399 2351 2639 2435 scripsi,
2697 2370 2885 2434 quam

634 2475 671 2520 a
716 2456 892 2521 uobis
936 2455 1033 2520 ius
1077 2455 1391 2521 scribendi
1437 2457 1794 2540 acciperem,
1842 2458 2007 2523 malo
2051 2459 2245 2522 uestri
2277 2475 2406 2520 esse
2449 2455 2666 2520 iudicii
2698 2473 2883 2537 quam
2903 2483 2953 2522 15

635 2558 998 2623 adsertionis
1043 2578 1234 2639 meae,
1284 2561 1432 2642 quia
1461 2579 1560 2624 res
1608 2561 1796 2625 dubia
1828 2579 1900 2626 ac
1938 2561 2136 2625 latens
2166 2560 2394 2625 melius
2430 2577 2673 2643 semper
2702 2559 2881 2624 bonis

633 2661 1214 2745 interpretatoribus
1260 2681 1448 2743 quam
1496 2664 1679 2727 malis
1739 2663 2165 2727 defensoribus
2211 2662 2503 2728 creditur.
2577 2662 2684 2726 sed
2730 2661 2878 2726 licet

633 2763 787 2828 haec
841 2783 987 2829 uere
1032 2782 1097 2828 se
1142 2767 1233 2828 ita
1290 2765 1563 2831 habeant
1608 2771 1671 2830 et
1717 2785 1754 2828 a
1797 2785 1896 2830 me
1941 2765 2036 2830 ita
2090 2784 2220 2830 esse
2279 2764 2604 2842 ducantur,
2671 2765 2885 2829 tamen

634 2868 707 2944 si,
753 2867 900 2948 quid
945 2867 1012 2931 in
1058 2867 1190 2931 ueri
1249 2869 1527 2949 opinione
1587 2870 1925 2933 secundum
1983 2869 2484 2951 intellegentiam
2528 2884 2734 2931 meam
2777 2867 2881 2944 sit,

634 2970 1009 3060 audiendum
1055 2988 1091 3033 a
1134 2989 1234 3034 me
1279 2974 1540 3052 putatiS,
1589 2991 1701 3055 ego
1748 2974 1834 3037 sic
1878 2974 2162 3047 arbitror,
2210 2970 2539 3053 siquando
2573 2972 2649 3034 de
2680 2970 2953 3034 officioso

636 3072 964 3138 deferendo
1019 3075 1250 3154 paruiS‚
1309 3079 1380 3139 ut
1426 3094 1536 3157 ego
1582 3094 1741 3153 sum,
1806 3078 1966 3157 apud
2012 3074 2376 3157 superiores,
2435 3079 2507 3138 ut
2552 3092 2664 3138 uos
2709 3074 2879 3149 estis

635 3180 848 3241 sancta
892 3178 1203 3241 contentio
1236 3183 1348 3253 est,
1397 3178 1624 3242 melius
1656 3197 1759 3243 eos
1804 3178 2023 3260 facere,
2072 3179 2125 3241 si
2169 3178 2621 3259 praeoccupent
2651 3177 2882 3258 scripto

574 3282 926 3362 2patronos
972 3300 1133 3358 su08,
1180 3300 1365 3363 quam
1411 3286 1462 3346 si
1495 3283 1572 3347 ab
1617 3282 1718 3345 his
1762 3285 2308 3365 praeoccupentur.
2370 3300 2516 3345 nam
2562 3299 2704 3344 cum
2749 3278 2883 3362 ipsa

635 3385 947 3449 scribendi
1018 3385 1519 3466 rescribendique
1595 3384 1941 3450 adsiduitas
2014 3385 2231 3450 dandis
2308 3383 2409 3448 uel
2479 3385 2746 3449 maxime
2820 3382 2885 3445 et

635 3488 962 3554 reddendis
1018 3490 1320 3569 obsequiis
1381 3488 1711 3566 deferatur,
1773 3490 1974 3552 multo
2021 3506 2272 3552 necesse
2320 3487 2413 3550 est
2455 3483 2754 3550 humilius
2798 3484 2881 3548 sit
2900 3510 2951 3550 25

636 3591 700 3655 et
755 3592 1190 3673 obsequentius
1258 3592 1402 3655 dare
1472 3591 1828 3673 quempiam
1890 3609 2170 3672 operam,
2240 3593 2312 3655 ut
2369 3588 2643 3653 officium
2709 3588 2881 3669 prius

633 3694 888 3773 deferat,
948 3711 1136 3775 quam
1195 3697 1517 3775 expectare
1564 3696 1635 3757 ut
1680 3695 1853 3775 prius
1900 3694 2121 3775 capiat,
2171 3695 2316 3775 quia
2359 3694 2534 3758 iuxta
2575 3691 2661 3769 id,
2719 3690 2882 3772 quod

737 3981 768 4033 1
824 3980 872 4033 V
922 3980 986 4033 in
1035 3997 1136 4051 my.
1192 3981 1238 4036 0
1449 3982 1483 4035 8
1536 3979 1744 4033 uideres
1796 3979 2085 4033 Halmius.-
2143 3978 2331 4031 uidens
2384 3978 2430 4033 0
2496 3977 2648 4032 uides
2700 3978 2879 4046 suspi-

632 4071 793 4120 catwr
826 4065 1118 4122 Hartelius
1327 4069 1385 4121 11
1411 4091 1415 4096 ·
1437 4067 1666 4121 domin0.
1715 4066 1854 4119 finit.
1901 4065 2031 4118 item
2068 4066 2177 4117 alia
2220 4066 2265 4121 Ο
2470 4064 2535 4117 14
2571 4064 2764 4118 officiis
2801 4064 2882 4117 ita

632 4150 680 4205 0
727 4166 796 4203 m.
835 4156 867 4204 1
1076 4153 1143 4206 15
1194 4153 1357 4206 mallo
1416 4153 1462 4207 0
1662 4151 1731 4204 22
1784 4151 2009 4218 scriptos
2061 4150 2169 4205 sed.
2224 4168 2249 4203 s
2300 4151 2399 4217 fin.
2444 4155 2640 4218 pwnct.
2703 4149 2749 4204 0

631 4236 699 4290 23
732 4235 849 4304 ipsa
883 4238 975 4292 sed
1009 4254 1041 4291 a
1073 4239 1137 4292 in
1168 4255 1278 4293 ras,
1318 4238 1559 4293 &aarum
1593 4239 1700 4293 litt.
1740 4236 1785 4291 0
1988 4237 2056 4291 26
2091 4239 2152 4289 ut
2189 4236 2235 4290 0
2266 4252 2333 4289 m.
2369 4238 2409 4289 2
2443 4233 2573 4288 add.

296 4479 823 4682 “'X
