3380 4919
726 276 855 341 276
1697 269 2021 323 Saluiani

729 483 881 546 opus
938 464 1023 528 sit
1083 462 1395 546 religiosis
1452 462 1622 526 iusta
1676 459 2044 544 patrimonii
2099 458 2427 540 portione?
2495 460 2856 539 respondeo:
2917 460 2990 522 ιιι

728 566 1046 649 religionis
1078 565 1423 649 fungantur
1444 564 1668 648 officio,
1699 564 1774 628 ut
1802 563 2242 646 religiosorum
2270 561 2454 626 rebus
2485 560 2707 644 religio
2731 560 2987 639 ditetur,

726 674 801 736 ut
855 670 1089 735 donent
1143 670 1219 733 ut
1275 668 1628 753 largiantur
1684 667 1759 731 ut
1823 665 1957 731 illis
2019 664 2400 730 habentibus
2459 664 2668 729 cuncti
2712 662 2989 730 habeant

725 791 852 839 non
895 772 1213 855 habentes,
1259 773 1470 852 imm0,
1523 772 1578 835 si
1621 771 1804 834 tanta
1845 771 1943 834 est
1988 786 2202 834 eorum
2245 767 2395 833 fides
2441 768 2630 848 atque
2671 766 2989 850 perfectio,

726 877 802 941 ut
843 876 1114 941 habeant
1159 875 1283 939 cito
1328 891 1451 938 non
1482 872 1781 951 habituri,
1827 871 2073 938 beatius
2103 871 2340 953 utique,
2387 871 2718 952 postquam
2757 870 2988 935 habue-
3031 890 3060 932 ⁵

624 980 710 1045 24
725 981 874 1057 rint,
921 997 1046 1043 non
1093 978 1408 1042 habentes.
1478 993 1586 1039 cur
1621 976 1727 1057 eis,
1774 992 2022 1057 quaeso,
2070 993 2105 1038 o
2136 973 2644 1039 inhumanissimi
2672 977 2988 1054 parentes,

727 1080 1171 1147 necessitatem
1230 1078 1704 1164 indignissimae
1761 1077 2154 1160 paupertatis
2214 1076 2568 1158 inponitis?
2642 1076 2990 1159 permittite

726 1186 844 1251 hoc
886 1184 1178 1268 religioni
1221 1183 1363 1266 ipsi,
1419 1184 1519 1255 cui
1562 1182 1722 1247 filios
1765 1179 2155 1247 tradidistis:
2222 1182 2452 1245 rectius
2498 1197 2799 1261 pauperes
2843 1198 2881 1243 a
2926 1198 2992 1245 se

726 1290 907 1357 fiunt.
983 1287 1039 1353 si
1082 1289 1338 1354 tantum
1384 1303 1486 1351 eos
1530 1286 1746 1368 inopes
1792 1302 1929 1348 esse
1960 1283 2211 1366 cupitiS,
2260 1282 2578 1349 concedite
2613 1282 2678 1346 id
2708 1283 2992 1364 ipsorum

728 1392 1097 1458 deuotioni.-
1157 1390 1348 1456 liceat
1411 1389 1515 1466 eiS,
1583 1404 1981 1472 quaesumus,
2048 1390 2122 1451 ιιι
2186 1386 2389 1452 uelint
2454 1405 2761 1468 pauperes
2827 1385 3060 1451 fieritio

726 1495 959 1579 eligere
1031 1495 1308 1576 inopiam
1382 1491 1615 1558 debent
1689 1510 1815 1556 non
1887 1490 2220 1556 sustinere.
2317 1493 2663 1573 postremo,
2740 1487 2989 1555 etiamsi

726 1598 1100 1677 sustineant,
1146 1596 1474 1662 deuotione
1520 1614 1659 1659 eam
1704 1595 1981 1660 tolerent
2025 1612 2148 1659 non
2195 1594 2597 1659 damnatione
2643 1592 2988 1677 patiantur.

625 1700 710 1765 25
728 1720 840 1767 cur
906 1719 1008 1765 eos
1076 1700 1253 1766 uelut
1309 1717 1348 1762 a
1389 1699 1617 1764 natura
1670 1697 1983 1780 expellitis
2042 1700 2109 1762 et
2164 1698 2343 1779 quasi
2396 1716 2434 1761 a
2477 1699 2610 1762 iure
2667 1697 2986 1780 sanguinis

728 1803 1081 1869 abdicatis?
1148 1803 1215 1867 et
1261 1821 1373 1885 ego
1409 1821 1539 1866 esse
1569 1819 1675 1866 eos
1719 1818 2025 1883 pauperes
2068 1798 2233 1879 uolo,
2279 1804 2385 1867 sed
2413 1804 2488 1866 ut
2517 1801 2746 1867 habeat
2778 1802 2989 1864 tamen

727 1907 1079 1990 praemium
1123 1924 1305 1970 suum
1348 1903 1486 1987 ipsa
1530 1904 1882 1986 paupertaS,
1930 1923 2001 1969 ac
2045 1904 2361 1986 praeclara
2403 1903 2827 1970 demutatione
2871 1903 2987 1967 eli·
3008 1924 3060 1966 ιε

728 2008 883 2092 gant
925 2008 1198 2091 inopiam
1243 2027 1318 2072 ex
1363 2007 1557 2092 copia,
1616 2012 1689 2071 ut
1735 2025 1809 2071 ex
1851 2007 2096 2090 inopiae
2140 2007 2438 2072 electione
2483 2008 2726 2090 copiam
2774 2024 2980 2072 conse-

729 2114 1018 2194 quantur.
1093 2129 1474 2195 quamquam
1540 2110 1690 2193 quid
1758 2129 1871 2194 ego
1932 2128 2043 2175 uos
2102 2129 2214 2194 per
2280 2111 2489 2195 ipsum
2557 2111 2988 2176 sanctissimae

728 2214 995 2280 rationis
1027 2215 1300 2281 officium
1330 2215 1578 2280 trahere
1611 2217 1689 2280 ad
1720 2214 2179 2280 humanitatem
2214 2216 2636 2297 pietatemque
2668 2217 2987 2297 contendo,

729 2335 876 2382 cum
932 2319 997 2384 id
1052 2320 1321 2384 maxime
1383 2317 1648 2383 obsistat
1708 2318 1773 2382 et
1833 2316 1988 2383 haec
2045 2337 2143 2383 res
2202 2321 2485 2400 parentes
2532 2316 2734 2400 inpios
2779 2317 2988 2393 faciat,

626 2421 711 2487 26
731 2439 887 2504 quae
930 2422 1065 2506 pios
1111 2423 1315 2487 facere
1361 2420 1660 2486 deberet?
1718 2441 1864 2486 nam
1923 2439 2067 2486 cum
2110 2440 2221 2486 uos
2268 2421 2405 2487 ideo
2450 2420 2594 2505 plus
2640 2420 3061 2503 relinquerem

730 2544 803 2589 ex
859 2524 1234 2608 patrimonio
1291 2528 1497 2590 uestro
1555 2525 1865 2609 religiosis
1923 2524 2071 2590 filiis
2117 2525 2445 2603 deberetiS,
2507 2525 2582 2589 ut
2625 2523 2863 2607 aliquid
2910 2524 2989 2589 ad

730 2627 919 2692 deum
964 2648 1037 2693 ex
1082 2627 1488 2693 facultatibus
1533 2628 1764 2693 uestris
1813 2628 2028 2692 saltim
2074 2647 2182 2710 per
2226 2628 2386 2692 filios
2432 2628 2804 2710 perueniret,
2851 2628 2989 2693 ideo

730 2730 883 2795 filiis
953 2749 1072 2795 non
1139 2731 1517 2813 relinquitiS‚
1587 2751 1665 2797 ne
1724 2731 1824 2796 illi
1885 2735 1998 2796 deo
2059 2731 2329 2797 habeant
2389 2732 2553 2815 quod
2614 2731 2990 2815 relinquant.

728 2833 1049 2917 praeclara
1115 2833 1412 2898 uidelicet
1478 2834 1722 2899 ratione
1792 2838 1979 2917 atque
2035 2834 2287 2899 cautela
2346 2835 2625 2899 contenti
2686 2836 2836 2899 estis
2881 2852 2989 2899 uos

731 2937 895 3002 filios
960 2954 1085 3000 non
1152 2955 1503 3020 agnoscere,
1573 2956 1651 3002 ne
1717 2938 1815 3001 illi
1871 2955 1938 3001 se
1997 2936 2162 3002 filios
2229 2936 2330 3003 dei
2395 2956 2526 3002 esse
2595 2943 2989 3020 cognoscant,
3008 2959 3062 3001 25

729 3040 1133 3122 magnificam
1188 3040 1588 3123 repensantes
1645 3038 1961 3105 beneficiis
2020 3040 2213 3105 sacris
2266 3041 2782 3124 uicissitudinem,
2841 3044 2989 3105 dum

728 3142 796 3207 id
840 3141 1296 3209 studiosissime
1353 3144 1726 3226 procuratis,
1783 3164 1862 3209 ne
1907 3145 2014 3210 uel
2057 3163 2166 3227 per
2209 3146 2449 3210 uestros
2506 3144 2742 3227 aliquid
2798 3143 2992 3208 honor

732 3244 833 3310 dei
892 3245 1118 3310 habere
1177 3247 1395 3330 possit,
1460 3264 1605 3310 cum
1662 3247 1875 3311 omnia
1934 3265 2042 3311 uos
2101 3265 2210 3330 per
2268 3248 2369 3313 dei
2413 3266 2640 3314 munus
2687 3247 2987 3312 habeatis,

837 3517 864 3570 1
904 3517 996 3586 sit]
1034 3519 1116 3571 est
1149 3517 1232 3572 ed.
1269 3517 1549 3572 Baluzius
1752 3518 1887 3572 iusti
1932 3519 2249 3588 patrimonii
2294 3521 2559 3590 portione]
2598 3536 2821 3591 aequam
2855 3521 2992 3575 acci-

730 3617 849 3670 pere
885 3618 1004 3656 cum
1041 3602 1299 3656 fratribus
1335 3603 1654 3671 patrimonii
1689 3604 1993 3672 portionem
2018 3621 2065 3673 p
2100 3611 2155 3660 et
2177 3605 2299 3661 edd.
2323 3612 2452 3660 oente
2476 3607 2664 3662 Halm.
2843 3607 2877 3659 2
2912 3606 2993 3659 di-

729 3687 888 3742 detur
939 3688 995 3743 A
1199 3688 1236 3743 4
1287 3689 1418 3743 fides
1467 3706 1536 3746 ex
1578 3689 1702 3743 fidis
1738 3706 1877 3746 corr.
1917 3707 1987 3746 m.
2023 3695 2060 3746 2
2094 3692 2149 3745 A
2352 3693 2385 3746 5
2441 3693 2648 3746 beatius
2697 3709 2767 3747 ex
2802 3692 2991 3746 beatus

729 3789 871 3830 corr.
907 3790 976 3830 m.
1004 3777 1040 3828 2
1072 3773 1128 3827 Β
1336 3777 1370 3829 9
1405 3776 1727 3830 concecidite
1754 3782 1952 3844 punct.
1987 3777 2037 3831 ci
2073 3778 2127 3831 A
2335 3779 2400 3833 10
2433 3778 2631 3833 uellint
2665 3785 2852 3847 punct.
2890 3779 2991 3833 alt.

729 3860 752 3914 l
786 3860 842 3914 Β
1051 3859 1117 3913 12
1162 3859 1401 3913 tolerant
1434 3875 1475 3916 ε.
1511 3877 1544 3912 a
1577 3876 1685 3915 scr.
1722 3878 1750 3914 e
1784 3878 1854 3915 m.
1888 3866 1926 3917 2
1972 3862 2029 3917 Β
2236 3863 2302 3917 13
2346 3864 2499 3917 uelut
2535 3880 2604 3918 ex
2640 3864 2800 3918 uelud
2849 3878 2992 3919 corr.

729 3962 799 3999 m.
835 3946 876 3998 2
921 3944 975 3997 A
1183 3944 1250 4000 19
1296 3945 1557 4000 maximae
1600 3953 1792 4015 punct.
1830 3963 1863 4000 a
1899 3948 1955 4001 Β
2156 3948 2225 4003 22
2271 3949 2463 4003 saltem
2509 3964 2580 4004 ecc
2627 3950 2811 4004 saltim
2848 3964 2989 4004 corr.

731 4048 801 4084 m.
847 4032 888 4084 2
938 4030 996 4085 A
1234 4030 1304 4084 23
1362 4032 1459 4085 deo
1508 4038 1640 4100 post
1698 4034 1786 4087 illi
1845 4049 2062 4088 erasum
2113 4040 2164 4089 et
2207 4041 2337 4103 post
2388 4034 2625 4089 habeant
2674 4051 2715 4090 s.
2767 4037 2805 4091 l.
2858 4035 2992 4092 add.

731 4133 800 4171 m.
836 4118 877 4172 2
927 4116 983 4171 A
1036 4121 1088 4170 ct
1136 4116 1217 4171 sic
1267 4115 1350 4171 ed.
1404 4117 1680 4173 Bazuzius
1734 4119 1918 4187 (simul
1968 4136 2092 4175 cwm
2143 4120 2195 4186 b)
2418 4121 2488 4174 24
2539 4121 2770 4175 cautella
2822 4121 2918 4176 alt.
2971 4121 2994 4175 l

735 4202 968 4257 cnw.‡1
