<?xml version="1.0" encoding="UTF-8"?>
<!DOCTYPE html PUBLIC "-//W3C//DTD XHTML 1.0 Transitional//EN"
    "http://www.w3.org/TR/xhtml1/DTD/xhtml1-transitional.dtd">
<html xmlns="http://www.w3.org/1999/xhtml" xml:lang="en" lang="en">
 <head>
  <title>
</title>
<meta http-equiv="Content-Type" content="text/html;charset=utf-8" />
  <meta name='ocr-system' content='tesseract 3.04.00' />
  <meta name='ocr-capabilities' content='ocr_page ocr_carea ocr_par ocr_line ocrx_word'/>
</head>
<body>
  <div class='ocr_page' id='page_1' title='image "./operaomnia07paulgoog_0189.png"; bbox 0 0 3380 4919; ppageno 0'>
   <div class='ocr_carea' id='block_1_1' title="bbox 999 320 2629 392">
    <p class='ocr_par' dir='ltr' id='par_1_1' title="bbox 999 320 2629 392">
     <span class='ocr_line' id='line_1_1' title="bbox 999 320 2629 392; baseline 0.003 -16"><span class='ocrx_word' id='word_1_1' title='bbox 999 322 1074 377; x_wconf 88' lang='lat' dir='ltr'>de</span> <span class='ocrx_word' id='word_1_2' title='bbox 1109 321 1377 392; x_wconf 84' lang='lat' dir='ltr'>gubern.</span> <span class='ocrx_word' id='word_1_3' title='bbox 1417 320 1521 376; x_wconf 88' lang='lat' dir='ltr'>dei</span> <span class='ocrx_word' id='word_1_4' title='bbox 1568 322 1678 377; x_wconf 91' lang='lat' dir='ltr'>VII</span> <span class='ocrx_word' id='word_1_5' title='bbox 1716 327 1745 387; x_wconf 68' lang='grc' dir='ltr'>ξ</span> <span class='ocrx_word' id='word_1_6' title='bbox 1781 322 2004 377; x_wconf 84' lang='grc'>20-26.</span> <span class='ocrx_word' id='word_1_7' title='bbox 2507 321 2629 387; x_wconf 88' lang='lat'>163</span> 
     </span>
    </p>
   </div>
   <div class='ocr_carea' id='block_1_2' title="bbox 317 504 2733 2639">
    <p class='ocr_par' dir='ltr' id='par_1_2' title="bbox 317 504 2733 2639">
     <span class='ocr_line' id='line_1_2' title="bbox 377 504 2633 595; baseline -0.001 -17"><span class='ocrx_word' id='word_1_8' title='bbox 377 515 447 577; x_wconf 88' lang='lat' dir='ltr'>ut</span> <span class='ocrx_word' id='word_1_9' title='bbox 488 513 846 595; x_wconf 89' lang='lat' dir='ltr'>placeamus</span> <span class='ocrx_word' id='word_1_10' title='bbox 914 512 1026 576; x_wconf 89' lang='lat' dir='ltr'>deo</span> <span class='ocrx_word' id='word_1_11' title='bbox 1092 504 1201 593; x_wconf 90' lang='lat' dir='ltr'>per</span> <span class='ocrx_word' id='word_1_12' title='bbox 1262 511 1660 576; x_wconf 77' lang='lat' dir='ltr'>honestatem</span> <span class='ocrx_word' id='word_1_13' title='bbox 1729 530 1916 595; x_wconf 91' lang='lat' dir='ltr'>quam</span> <span class='ocrx_word' id='word_1_14' title='bbox 1972 514 2045 576; x_wconf 90' lang='lat' dir='ltr'>ut</span> <span class='ocrx_word' id='word_1_15' title='bbox 2106 511 2461 577; x_wconf 90' lang='lat' dir='ltr'>hominibus</span> <span class='ocrx_word' id='word_1_16' title='bbox 2522 530 2633 593; x_wconf 89' lang='lat' dir='ltr'>per</span> 
     </span>
     <span class='ocr_line' id='line_1_3' title="bbox 377 613 2630 699; baseline -0.001 -19"><span class='ocrx_word' id='word_1_17' title='bbox 377 616 841 699; x_wconf 86' lang='lat' dir='ltr'>impuritatem:</span> <span class='ocrx_word' id='word_1_18' title='bbox 910 632 983 679; x_wconf 94' lang='lat' dir='ltr'>ac</span> <span class='ocrx_word' id='word_1_19' title='bbox 1026 615 1301 698; x_wconf 79' lang='lat' dir='ltr'>perinde,</span> <span class='ocrx_word' id='word_1_20' title='bbox 1370 615 1615 679; x_wconf 89' lang='lat' dir='ltr'>etiamsi</span> <span class='ocrx_word' id='word_1_21' title='bbox 1671 614 1842 679; x_wconf 84' lang='lat' dir='ltr'>inter</span> <span class='ocrx_word' id='word_1_22' title='bbox 1895 613 2246 697; x_wconf 87' lang='lat' dir='ltr'>impudicos</span> <span class='ocrx_word' id='word_1_23' title='bbox 2304 616 2442 696; x_wconf 87' lang='lat' dir='ltr'>quis</span> <span class='ocrx_word' id='word_1_24' title='bbox 2485 615 2630 680; x_wconf 91' lang='lat' dir='ltr'>bar-</span> 
     </span>
     <span class='ocr_line' id='line_1_4' title="bbox 377 717 2631 801; baseline -0.001 -17"><span class='ocrx_word' id='word_1_25' title='bbox 377 719 555 784; x_wconf 89' lang='lat' dir='ltr'>baros</span> <span class='ocrx_word' id='word_1_26' title='bbox 613 719 812 796; x_wconf 88' lang='lat' dir='ltr'>uiuat,</span> <span class='ocrx_word' id='word_1_27' title='bbox 870 719 1070 801; x_wconf 86' lang='lat' dir='ltr'>magis</span> <span class='ocrx_word' id='word_1_28' title='bbox 1135 722 1348 783; x_wconf 88' lang='lat' dir='ltr'>tamen</span> <span class='ocrx_word' id='word_1_29' title='bbox 1410 718 1780 800; x_wconf 78' lang='lat' dir='ltr'>pudicitiam</span> <span class='ocrx_word' id='word_1_30' title='bbox 1838 717 2013 801; x_wconf 88' lang='lat' dir='ltr'>sequi</span> <span class='ocrx_word' id='word_1_31' title='bbox 2058 717 2263 797; x_wconf 90' lang='lat' dir='ltr'>debet,</span> <span class='ocrx_word' id='word_1_32' title='bbox 2312 735 2465 799; x_wconf 89' lang='lat' dir='ltr'>quae</span> <span class='ocrx_word' id='word_1_33' title='bbox 2508 717 2631 784; x_wconf 90' lang='lat' dir='ltr'>sibi</span> 
     </span>
     <span class='ocr_line' id='line_1_5' title="bbox 343 821 2628 906; baseline 0 -20"><span class='ocrx_word' id='word_1_34' title='bbox 343 822 649 906; x_wconf 61' lang='lat' dir='ltr'>expedit,</span> <span class='ocrx_word' id='word_1_35' title='bbox 715 840 900 905; x_wconf 89' lang='lat' dir='ltr'>quam</span> <span class='ocrx_word' id='word_1_36' title='bbox 962 821 1451 906; x_wconf 80' lang='lat' dir='ltr'>impudicitiam,</span> <span class='ocrx_word' id='word_1_37' title='bbox 1513 839 1671 904; x_wconf 87' lang='lat' dir='ltr'>quae</span> <span class='ocrx_word' id='word_1_38' title='bbox 1732 821 1998 904; x_wconf 90' lang='lat' dir='ltr'>impuris</span> <span class='ocrx_word' id='word_1_39' title='bbox 2058 821 2344 886; x_wconf 83' lang='lat' dir='ltr'>hostibus</span> <span class='ocrx_word' id='word_1_40' title='bbox 2403 822 2628 903; x_wconf 85' lang='lat' dir='ltr'>placet.</span> 
     </span>
     <span class='ocr_line' id='line_1_6' title="bbox 341 922 2733 1008; baseline 0.002 -25"><span class='ocrx_word' id='word_1_41' title='bbox 341 926 480 990; x_wconf 78' lang='lat' dir='ltr'>ssed</span> <span class='ocrx_word' id='word_1_42' title='bbox 525 924 675 1006; x_wconf 91' lang='lat' dir='ltr'>quid</span> <span class='ocrx_word' id='word_1_43' title='bbox 722 927 955 990; x_wconf 85' lang='lat' dir='ltr'>accedit</span> <span class='ocrx_word' id='word_1_44' title='bbox 999 926 1254 1008; x_wconf 86' lang='lat' dir='ltr'>insuper</span> <span class='ocrx_word' id='word_1_45' title='bbox 1300 924 1380 990; x_wconf 90' lang='lat' dir='ltr'>ad</span> <span class='ocrx_word' id='word_1_46' title='bbox 1438 925 1602 990; x_wconf 80' lang='lat' dir='ltr'>mala</span> <span class='ocrx_word' id='word_1_47' title='bbox 1660 928 1923 990; x_wconf 77' lang='lat' dir='ltr'>nostra?</span> <span class='ocrx_word' id='word_1_48' title='bbox 1980 926 2144 989; x_wconf 89' lang='lat' dir='ltr'>inter</span> <span class='ocrx_word' id='word_1_49' title='bbox 2186 924 2437 1007; x_wconf 91' lang='lat' dir='ltr'>pudicos</span> <span class='ocrx_word' id='word_1_50' title='bbox 2483 924 2629 991; x_wconf 87' lang='lat' dir='ltr'>bar·</span> <span class='ocrx_word' id='word_1_51' title='bbox 2649 922 2733 988; x_wconf 84' lang='lat'>24</span> 
     </span>
     <span class='ocr_line' id='line_1_7' title="bbox 378 1026 2631 1111; baseline -0.001 -18"><span class='ocrx_word' id='word_1_52' title='bbox 378 1029 556 1093; x_wconf 88' lang='lat' dir='ltr'>baros</span> <span class='ocrx_word' id='word_1_53' title='bbox 602 1027 899 1109; x_wconf 80' lang='lat' dir='ltr'>impudici</span> <span class='ocrx_word' id='word_1_54' title='bbox 946 1047 1184 1093; x_wconf 89' lang='lat' dir='ltr'>sumus.</span> <span class='ocrx_word' id='word_1_55' title='bbox 1255 1030 1396 1111; x_wconf 88' lang='lat' dir='ltr'>plus</span> <span class='ocrx_word' id='word_1_56' title='bbox 1454 1028 1654 1094; x_wconf 88' lang='lat' dir='ltr'>adhuc</span> <span class='ocrx_word' id='word_1_57' title='bbox 1712 1029 1878 1094; x_wconf 88' lang='lat' dir='ltr'>dico:</span> <span class='ocrx_word' id='word_1_58' title='bbox 1940 1028 2358 1093; x_wconf 77' lang='lat' dir='ltr'>offenduntur·</span> <span class='ocrx_word' id='word_1_59' title='bbox 2383 1026 2631 1092; x_wconf 89' lang='lat' dir='ltr'>barbari</span> 
     </span>
     <span class='ocr_line' id='line_1_8' title="bbox 379 1129 2630 1211; baseline 0.001 -19"><span class='ocrx_word' id='word_1_60' title='bbox 379 1130 492 1210; x_wconf 89' lang='lat' dir='ltr'>ipsi</span> <span class='ocrx_word' id='word_1_61' title='bbox 538 1130 1008 1211; x_wconf 89' lang='lat' dir='ltr'>impuritatibus</span> <span class='ocrx_word' id='word_1_62' title='bbox 1057 1130 1308 1198; x_wconf 76' lang='lat' dir='ltr'>nostris,</span> <span class='ocrx_word' id='word_1_63' title='bbox 1378 1149 1512 1196; x_wconf 88' lang='lat' dir='ltr'>esse</span> <span class='ocrx_word' id='word_1_64' title='bbox 1555 1130 1720 1195; x_wconf 89' lang='lat' dir='ltr'>inter</span> <span class='ocrx_word' id='word_1_65' title='bbox 1765 1129 1995 1196; x_wconf 83' lang='lat' dir='ltr'>Gothos</span> <span class='ocrx_word' id='word_1_66' title='bbox 2040 1149 2162 1207; x_wconf 82' lang='lat' dir='ltr'>non</span> <span class='ocrx_word' id='word_1_67' title='bbox 2205 1130 2356 1195; x_wconf 90' lang='lat' dir='ltr'>licet</span> <span class='ocrx_word' id='word_1_68' title='bbox 2399 1134 2630 1195; x_wconf 90' lang='lat' dir='ltr'>scorta-</span> 
     </span>
     <span class='ocr_line' id='line_1_9' title="bbox 377 1231 2629 1316; baseline 0.001 -21"><span class='ocrx_word' id='word_1_69' title='bbox 377 1235 575 1298; x_wconf 88' lang='lat' dir='ltr'>torem</span> <span class='ocrx_word' id='word_1_70' title='bbox 623 1231 927 1298; x_wconf 85' lang='lat' dir='ltr'>Gothum:</span> <span class='ocrx_word' id='word_1_71' title='bbox 987 1233 1107 1299; x_wconf 91' lang='lat' dir='ltr'>soli</span> <span class='ocrx_word' id='word_1_72' title='bbox 1151 1234 1314 1300; x_wconf 77' lang='lat' dir='ltr'>inter</span> <span class='ocrx_word' id='word_1_73' title='bbox 1358 1253 1460 1299; x_wconf 91' lang='lat' dir='ltr'>eos</span> <span class='ocrx_word' id='word_1_74' title='bbox 1503 1233 1883 1316; x_wconf 89' lang='lat' dir='ltr'>praeiudicio</span> <span class='ocrx_word' id='word_1_75' title='bbox 1930 1233 2201 1299; x_wconf 90' lang='lat' dir='ltr'>nationis</span> <span class='ocrx_word' id='word_1_76' title='bbox 2248 1251 2322 1297; x_wconf 86' lang='lat' dir='ltr'>ac</span> <span class='ocrx_word' id='word_1_77' title='bbox 2362 1233 2629 1297; x_wconf 90' lang='lat' dir='ltr'>nominis</span> 
     </span>
     <span class='ocr_line' id='line_1_10' title="bbox 374 1336 2629 1421; baseline 0 -22"><span class='ocrx_word' id='word_1_78' title='bbox 374 1336 830 1417; x_wconf 89' lang='lat' dir='ltr'>permittuntur</span> <span class='ocrx_word' id='word_1_79' title='bbox 885 1336 1119 1420; x_wconf 90' lang='lat' dir='ltr'>impuri</span> <span class='ocrx_word' id='word_1_80' title='bbox 1176 1356 1309 1403; x_wconf 90' lang='lat' dir='ltr'>esse</span> <span class='ocrx_word' id='word_1_81' title='bbox 1364 1337 1648 1402; x_wconf 86' lang='lat' dir='ltr'>Romani.</span> <span class='ocrx_word' id='word_1_82' title='bbox 1726 1338 1788 1400; x_wconf 91' lang='lat' dir='ltr'>et</span> <span class='ocrx_word' id='word_1_83' title='bbox 1833 1354 1988 1418; x_wconf 85' lang='lat' dir='ltr'>quae</span> <span class='ocrx_word' id='word_1_84' title='bbox 2033 1336 2230 1420; x_wconf 74' lang='lat' dir='ltr'>nobiS‚</span> <span class='ocrx_word' id='word_1_85' title='bbox 2276 1353 2444 1421; x_wconf 85' lang='lat' dir='ltr'>rogo,</span> <span class='ocrx_word' id='word_1_86' title='bbox 2491 1354 2629 1417; x_wconf 90' lang='lat' dir='ltr'>spes</span> 
     </span>
     <span class='ocr_line' id='line_1_11' title="bbox 317 1438 2627 1521; baseline 0.001 -19"><span class='ocrx_word' id='word_1_87' title='bbox 317 1464 361 1503; x_wconf 82' lang='grc' dir='ltr'>ιο</span> <span class='ocrx_word' id='word_1_88' title='bbox 377 1441 519 1502; x_wconf 85' lang='lat' dir='ltr'>ante</span> <span class='ocrx_word' id='word_1_89' title='bbox 565 1442 749 1504; x_wconf 90' lang='lat' dir='ltr'>deum</span> <span class='ocrx_word' id='word_1_90' title='bbox 797 1442 938 1504; x_wconf 76' lang='lat' dir='ltr'>est?</span> <span class='ocrx_word' id='word_1_91' title='bbox 984 1439 1444 1521; x_wconf 86' lang='lat' dir='ltr'>impudicitiam</span> <span class='ocrx_word' id='word_1_92' title='bbox 1490 1457 1600 1504; x_wconf 90' lang='lat' dir='ltr'>nos</span> <span class='ocrx_word' id='word_1_93' title='bbox 1638 1440 1958 1521; x_wconf 87' lang='lat' dir='ltr'>diligimus</span> <span class='ocrx_word' id='word_1_94' title='bbox 1991 1438 2181 1504; x_wconf 85' lang='lat' dir='ltr'>Gothi</span> <span class='ocrx_word' id='word_1_95' title='bbox 2228 1441 2627 1504; x_wconf 83' lang='lat' dir='ltr'>execrantur:</span> 
     </span>
     <span class='ocr_line' id='line_1_12' title="bbox 375 1540 2628 1625; baseline 0 -20"><span class='ocrx_word' id='word_1_96' title='bbox 375 1541 713 1624; x_wconf 86' lang='lat' dir='ltr'>puritatem</span> <span class='ocrx_word' id='word_1_97' title='bbox 757 1559 865 1605; x_wconf 91' lang='lat' dir='ltr'>nos</span> <span class='ocrx_word' id='word_1_98' title='bbox 912 1543 1190 1625; x_wconf 88' lang='lat' dir='ltr'>fugimus</span> <span class='ocrx_word' id='word_1_99' title='bbox 1235 1542 1332 1607; x_wconf 92' lang='lat' dir='ltr'>illi</span> <span class='ocrx_word' id='word_1_100' title='bbox 1363 1546 1610 1607; x_wconf 85' lang='lat' dir='ltr'>amant:</span> <span class='ocrx_word' id='word_1_101' title='bbox 1655 1541 1987 1607; x_wconf 88' lang='lat' dir='ltr'>fornicatio</span> <span class='ocrx_word' id='word_1_102' title='bbox 2022 1542 2186 1623; x_wconf 91' lang='lat' dir='ltr'>apud</span> <span class='ocrx_word' id='word_1_103' title='bbox 2217 1540 2363 1606; x_wconf 92' lang='lat' dir='ltr'>illos</span> <span class='ocrx_word' id='word_1_104' title='bbox 2395 1542 2628 1606; x_wconf 85' lang='lat' dir='ltr'>crimen</span> 
     </span>
     <span class='ocr_line' id='line_1_13' title="bbox 377 1642 2733 1729; baseline 0 -21"><span class='ocrx_word' id='word_1_105' title='bbox 377 1648 557 1727; x_wconf 89' lang='lat' dir='ltr'>atque</span> <span class='ocrx_word' id='word_1_106' title='bbox 624 1645 959 1710; x_wconf 89' lang='lat' dir='ltr'>discrimen</span> <span class='ocrx_word' id='word_1_107' title='bbox 1027 1650 1123 1710; x_wconf 90' lang='lat' dir='ltr'>est</span> <span class='ocrx_word' id='word_1_108' title='bbox 1191 1647 1351 1729; x_wconf 89' lang='lat' dir='ltr'>apud</span> <span class='ocrx_word' id='word_1_109' title='bbox 1412 1664 1518 1710; x_wconf 91' lang='grc'>1103</span> <span class='ocrx_word' id='word_1_110' title='bbox 1580 1645 1789 1710; x_wconf 87' lang='lat' dir='ltr'>decus.</span> <span class='ocrx_word' id='word_1_111' title='bbox 1861 1647 1922 1709; x_wconf 89' lang='lat' dir='ltr'>et</span> <span class='ocrx_word' id='word_1_112' title='bbox 1985 1648 2278 1726; x_wconf 87' lang='lat' dir='ltr'>putamus</span> <span class='ocrx_word' id='word_1_113' title='bbox 2324 1661 2434 1709; x_wconf 93' lang='lat' dir='ltr'>nos</span> <span class='ocrx_word' id='word_1_114' title='bbox 2481 1646 2630 1710; x_wconf 87' lang='lat' dir='ltr'>ante</span> <span class='ocrx_word' id='word_1_115' title='bbox 2649 1642 2733 1709; x_wconf 84' lang='grc'>25</span> 
     </span>
     <span class='ocr_line' id='line_1_14' title="bbox 378 1748 2628 1831; baseline 0 -19"><span class='ocrx_word' id='word_1_116' title='bbox 378 1751 558 1812; x_wconf 87' lang='lat' dir='ltr'>deum</span> <span class='ocrx_word' id='word_1_117' title='bbox 602 1767 780 1830; x_wconf 91' lang='lat' dir='ltr'>posse</span> <span class='ocrx_word' id='word_1_118' title='bbox 826 1749 1175 1829; x_wconf 86' lang='lat' dir='ltr'>consistere,</span> <span class='ocrx_word' id='word_1_119' title='bbox 1223 1752 1517 1831; x_wconf 89' lang='lat' dir='ltr'>putamus</span> <span class='ocrx_word' id='word_1_120' title='bbox 1563 1766 1743 1830; x_wconf 94' lang='lat' dir='ltr'>posse</span> <span class='ocrx_word' id='word_1_121' title='bbox 1774 1766 1884 1813; x_wconf 90' lang='lat' dir='ltr'>nos</span> <span class='ocrx_word' id='word_1_122' title='bbox 1930 1748 2139 1813; x_wconf 89' lang='lat' dir='ltr'>saluos</span> <span class='ocrx_word' id='word_1_123' title='bbox 2187 1767 2337 1827; x_wconf 89' lang='lat' dir='ltr'>esse,</span> <span class='ocrx_word' id='word_1_124' title='bbox 2386 1750 2628 1831; x_wconf 87' lang='lat' dir='ltr'>quando</span> 
     </span>
     <span class='ocr_line' id='line_1_15' title="bbox 378 1850 2631 1934; baseline 0.001 -20"><span class='ocrx_word' id='word_1_125' title='bbox 378 1869 554 1916; x_wconf 89' lang='lat' dir='ltr'>omne</span> <span class='ocrx_word' id='word_1_126' title='bbox 611 1852 1001 1932; x_wconf 89' lang='lat' dir='ltr'>impuritatis</span> <span class='ocrx_word' id='word_1_127' title='bbox 1059 1852 1259 1917; x_wconf 87' lang='lat' dir='ltr'>scelus</span> <span class='ocrx_word' id='word_1_128' title='bbox 1318 1851 1517 1917; x_wconf 90' lang='lat' dir='ltr'>omnis</span> <span class='ocrx_word' id='word_1_129' title='bbox 1579 1850 2014 1934; x_wconf 84' lang='lat' dir='ltr'>impudicitiae</span> <span class='ocrx_word' id='word_1_130' title='bbox 2056 1851 2380 1934; x_wconf 86' lang='lat' dir='ltr'>turpitudo</span> <span class='ocrx_word' id='word_1_131' title='bbox 2425 1870 2462 1916; x_wconf 90' lang='lat' dir='ltr'>a</span> <span class='ocrx_word' id='word_1_132' title='bbox 2503 1853 2631 1917; x_wconf 83' lang='lat' dir='ltr'>Ro-</span> 
     </span>
     <span class='ocr_line' id='line_1_16' title="bbox 319 1954 2632 2021; baseline 0.002 -5"><span class='ocrx_word' id='word_1_133' title='bbox 319 1954 577 2018; x_wconf 86' lang='lat' dir='ltr'>1⁵manis</span> <span class='ocrx_word' id='word_1_134' title='bbox 649 1955 1013 2020; x_wconf 85' lang='lat' dir='ltr'>admittitur</span> <span class='ocrx_word' id='word_1_135' title='bbox 1070 1960 1131 2019; x_wconf 91' lang='lat' dir='ltr'>et</span> <span class='ocrx_word' id='word_1_136' title='bbox 1177 1974 1215 2019; x_wconf 93' lang='lat' dir='ltr'>a</span> <span class='ocrx_word' id='word_1_137' title='bbox 1257 1954 1543 2021; x_wconf 88' lang='lat' dir='ltr'>barbaris</span> <span class='ocrx_word' id='word_1_138' title='bbox 1613 1956 2025 2020; x_wconf 77' lang='lat' dir='ltr'>uindicatur?</span> <span class='ocrx_word' id='word_1_139' title='bbox 2102 1955 2202 2020; x_wconf 94' lang='lat' dir='ltr'>hic</span> <span class='ocrx_word' id='word_1_140' title='bbox 2266 1974 2433 2021; x_wconf 91' lang='lat' dir='ltr'>nunc</span> <span class='ocrx_word' id='word_1_141' title='bbox 2489 1955 2632 2021; x_wconf 87' lang='lat' dir='ltr'>illos</span> 
     </span>
     <span class='ocr_line' id='line_1_17' title="bbox 378 2056 2635 2140; baseline 0.002 -22"><span class='ocrx_word' id='word_1_142' title='bbox 378 2057 639 2138; x_wconf 88' lang='lat' dir='ltr'>requiro,</span> <span class='ocrx_word' id='word_1_143' title='bbox 700 2057 804 2138; x_wconf 90' lang='lat' dir='ltr'>qui</span> <span class='ocrx_word' id='word_1_144' title='bbox 849 2056 1138 2122; x_wconf 90' lang='lat' dir='ltr'>meliores</span> <span class='ocrx_word' id='word_1_145' title='bbox 1183 2073 1293 2121; x_wconf 91' lang='lat' dir='ltr'>nos</span> <span class='ocrx_word' id='word_1_146' title='bbox 1339 2059 1569 2140; x_wconf 87' lang='lat' dir='ltr'>putant</span> <span class='ocrx_word' id='word_1_147' title='bbox 1615 2076 1747 2122; x_wconf 89' lang='lat' dir='ltr'>esse</span> <span class='ocrx_word' id='word_1_148' title='bbox 1794 2075 1978 2139; x_wconf 91' lang='lat' dir='ltr'>quam</span> <span class='ocrx_word' id='word_1_149' title='bbox 2037 2057 2357 2123; x_wconf 85' lang='lat' dir='ltr'>barbaros:</span> <span class='ocrx_word' id='word_1_150' title='bbox 2423 2058 2635 2123; x_wconf 89' lang='lat' dir='ltr'>dicant</span> 
     </span>
     <span class='ocr_line' id='line_1_18' title="bbox 378 2158 2631 2243; baseline 0.001 -21"><span class='ocrx_word' id='word_1_151' title='bbox 378 2158 525 2240; x_wconf 92' lang='lat' dir='ltr'>quid</span> <span class='ocrx_word' id='word_1_152' title='bbox 573 2158 791 2224; x_wconf 91' lang='lat' dir='ltr'>horum</span> <span class='ocrx_word' id='word_1_153' title='bbox 836 2162 941 2225; x_wconf 91' lang='lat' dir='ltr'>uel</span> <span class='ocrx_word' id='word_1_154' title='bbox 985 2161 1343 2243; x_wconf 84' lang='lat' dir='ltr'>paucissimi</span> <span class='ocrx_word' id='word_1_155' title='bbox 1377 2159 1567 2225; x_wconf 84' lang='lat' dir='ltr'>Gothi</span> <span class='ocrx_word' id='word_1_156' title='bbox 1611 2159 1868 2239; x_wconf 88' lang='lat' dir='ltr'>faciant,</span> <span class='ocrx_word' id='word_1_157' title='bbox 1917 2161 2020 2225; x_wconf 91' lang='lat' dir='ltr'>uel</span> <span class='ocrx_word' id='word_1_158' title='bbox 2051 2159 2201 2242; x_wconf 91' lang='lat' dir='ltr'>quid</span> <span class='ocrx_word' id='word_1_159' title='bbox 2243 2178 2364 2224; x_wconf 94' lang='lat' dir='ltr'>non</span> <span class='ocrx_word' id='word_1_160' title='bbox 2409 2160 2631 2225; x_wconf 91' lang='lat' dir='ltr'>horum</span> 
     </span>
     <span class='ocr_line' id='line_1_19' title="bbox 377 2261 2631 2346; baseline 0.001 -21"><span class='ocrx_word' id='word_1_161' title='bbox 377 2261 641 2326; x_wconf 90' lang='lat' dir='ltr'>Romani</span> <span class='ocrx_word' id='word_1_162' title='bbox 705 2280 915 2327; x_wconf 90' lang='lat' dir='ltr'>omnes</span> <span class='ocrx_word' id='word_1_163' title='bbox 975 2264 1077 2327; x_wconf 88' lang='lat' dir='ltr'>uel</span> <span class='ocrx_word' id='word_1_164' title='bbox 1136 2282 1331 2346; x_wconf 87' lang='lat' dir='ltr'>paene</span> <span class='ocrx_word' id='word_1_165' title='bbox 1391 2265 1646 2326; x_wconf 60' lang='lat' dir='ltr'>omnes?&gt;</span> <span class='ocrx_word' id='word_1_166' title='bbox 1714 2266 1776 2326; x_wconf 90' lang='lat' dir='ltr'>et</span> <span class='ocrx_word' id='word_1_167' title='bbox 1819 2265 2140 2340; x_wconf 82' lang='lat' dir='ltr'>miramur,</span> <span class='ocrx_word' id='word_1_168' title='bbox 2187 2263 2239 2326; x_wconf 90' lang='lat' dir='ltr'>si</span> <span class='ocrx_word' id='word_1_169' title='bbox 2286 2265 2485 2327; x_wconf 85' lang='lat' dir='ltr'>terrae</span> <span class='ocrx_word' id='word_1_170' title='bbox 2528 2263 2631 2328; x_wconf 91' lang='lat' dir='ltr'>uel</span> 
     </span>
     <span class='ocr_line' id='line_1_20' title="bbox 379 2364 2630 2446; baseline 0.002 -20"><span class='ocrx_word' id='word_1_171' title='bbox 379 2364 835 2446; x_wconf 87' lang='lat' dir='ltr'>Aquitanorum</span> <span class='ocrx_word' id='word_1_172' title='bbox 904 2368 1005 2431; x_wconf 89' lang='lat' dir='ltr'>uel</span> <span class='ocrx_word' id='word_1_173' title='bbox 1073 2366 1425 2431; x_wconf 89' lang='lat' dir='ltr'>nostrorum</span> <span class='ocrx_word' id='word_1_174' title='bbox 1494 2365 1772 2430; x_wconf 91' lang='lat' dir='ltr'>omnium</span> <span class='ocrx_word' id='word_1_175' title='bbox 1828 2384 1865 2429; x_wconf 88' lang='lat' dir='ltr'>a</span> <span class='ocrx_word' id='word_1_176' title='bbox 1917 2364 2031 2430; x_wconf 90' lang='lat' dir='ltr'>deo</span> <span class='ocrx_word' id='word_1_177' title='bbox 2099 2364 2379 2431; x_wconf 85' lang='lat' dir='ltr'>barbaris</span> <span class='ocrx_word' id='word_1_178' title='bbox 2446 2367 2630 2431; x_wconf 89' lang='lat' dir='ltr'>datae</span> 
     </span>
     <span class='ocr_line' id='line_1_21' title="bbox 321 2469 2631 2553; baseline 0.002 -22"><span class='ocrx_word' id='word_1_179' title='bbox 321 2472 537 2547; x_wconf 75' lang='grc'>10311110,</span> <span class='ocrx_word' id='word_1_180' title='bbox 608 2488 750 2534; x_wconf 87' lang='grc'>011111</span> <span class='ocrx_word' id='word_1_181' title='bbox 808 2488 926 2552; x_wconf 73' lang='grc'>0113,</span> <span class='ocrx_word' id='word_1_182' title='bbox 997 2489 1153 2553; x_wconf 89' lang='lat' dir='ltr'>quas</span> <span class='ocrx_word' id='word_1_183' title='bbox 1208 2471 1475 2536; x_wconf 84' lang='lat' dir='ltr'>Romani</span> <span class='ocrx_word' id='word_1_184' title='bbox 1542 2470 1901 2553; x_wconf 90' lang='lat' dir='ltr'>polluerunt</span> <span class='ocrx_word' id='word_1_185' title='bbox 1967 2469 2392 2552; x_wconf 85' lang='lat' dir='ltr'>fornicatione,</span> <span class='ocrx_word' id='word_1_186' title='bbox 2465 2488 2631 2535; x_wconf 91' lang='lat' dir='ltr'>nunc</span> 
     </span>
     <span class='ocr_line' id='line_1_22' title="bbox 381 2574 1355 2639; baseline 0.005 -5"><span class='ocrx_word' id='word_1_187' title='bbox 381 2574 679 2637; x_wconf 89' lang='lat' dir='ltr'>mundent</span> <span class='ocrx_word' id='word_1_188' title='bbox 724 2574 968 2639; x_wconf 87' lang='lat' dir='ltr'>barbari</span> <span class='ocrx_word' id='word_1_189' title='bbox 1017 2574 1355 2639; x_wconf 77' lang='lat' dir='ltr'>castitate?</span> 
     </span>
    </p>
   </div>
   <div class='ocr_carea' id='block_1_3' title="bbox 321 2691 2732 3289">
    <p class='ocr_par' dir='ltr' id='par_1_3' title="bbox 379 2691 2732 2980">
     <span class='ocr_line' id='line_1_23' title="bbox 462 2691 2732 2776; baseline 0.001 -19"><span class='ocrx_word' id='word_1_190' title='bbox 462 2692 606 2757; x_wconf 88' lang='lat' dir='ltr'>VII.</span> <span class='ocrx_word' id='word_1_191' title='bbox 655 2692 776 2758; x_wconf 86' lang='lat' dir='ltr'>Sed</span> <span class='ocrx_word' id='word_1_192' title='bbox 820 2692 980 2757; x_wconf 87' lang='lat' dir='ltr'>forte</span> <span class='ocrx_word' id='word_1_193' title='bbox 1023 2694 1137 2757; x_wconf 92' lang='lat' dir='ltr'>hoc</span> <span class='ocrx_word' id='word_1_194' title='bbox 1180 2693 1246 2757; x_wconf 89' lang='lat' dir='ltr'>in</span> <span class='ocrx_word' id='word_1_195' title='bbox 1289 2691 1632 2776; x_wconf 89' lang='lat' dir='ltr'>Aquitanis</span> <span class='ocrx_word' id='word_1_196' title='bbox 1680 2693 1951 2758; x_wconf 87' lang='lat' dir='ltr'>tantum.</span> <span class='ocrx_word' id='word_1_197' title='bbox 1999 2694 2389 2757; x_wconf 86' lang='lat' dir='ltr'>transeamus</span> <span class='ocrx_word' id='word_1_198' title='bbox 2438 2691 2628 2757; x_wconf 86' lang='lat' dir='ltr'>etiam</span> <span class='ocrx_word' id='word_1_199' title='bbox 2648 2694 2732 2760; x_wconf 83' lang='lat'>26</span> 
     </span>
     <span class='ocr_line' id='line_1_24' title="bbox 381 2794 2631 2879; baseline 0.001 -20"><span class='ocrx_word' id='word_1_200' title='bbox 381 2797 454 2861; x_wconf 85' lang='lat' dir='ltr'>ad</span> <span class='ocrx_word' id='word_1_201' title='bbox 496 2796 652 2862; x_wconf 90' lang='lat' dir='ltr'>alias</span> <span class='ocrx_word' id='word_1_202' title='bbox 699 2797 915 2862; x_wconf 91' lang='lat' dir='ltr'>mundi</span> <span class='ocrx_word' id='word_1_203' title='bbox 946 2799 1174 2879; x_wconf 86' lang='lat' dir='ltr'>partes,</span> <span class='ocrx_word' id='word_1_204' title='bbox 1222 2815 1298 2861; x_wconf 91' lang='lat' dir='ltr'>ne</span> <span class='ocrx_word' id='word_1_205' title='bbox 1345 2799 1418 2861; x_wconf 92' lang='lat' dir='ltr'>de</span> <span class='ocrx_word' id='word_1_206' title='bbox 1463 2796 1611 2861; x_wconf 89' lang='lat' dir='ltr'>solis</span> <span class='ocrx_word' id='word_1_207' title='bbox 1655 2797 2094 2863; x_wconf 82' lang='lat' dir='ltr'>tantummodo</span> <span class='ocrx_word' id='word_1_208' title='bbox 2140 2794 2360 2861; x_wconf 90' lang='lat' dir='ltr'>Galliis</span> <span class='ocrx_word' id='word_1_209' title='bbox 2406 2796 2631 2861; x_wconf 83' lang='lat' dir='ltr'>dixisse</span> 
     </span>
     <span class='ocr_line' id='line_1_25' title="bbox 379 2899 2631 2980; baseline 0.001 -19"><span class='ocrx_word' id='word_1_210' title='bbox 379 2899 718 2965; x_wconf 88' lang='lat' dir='ltr'>uideamur.</span> <span class='ocrx_word' id='word_1_211' title='bbox 760 2899 957 2980; x_wconf 81' lang='lat' dir='ltr'>quid?</span> <span class='ocrx_word' id='word_1_212' title='bbox 988 2899 1325 2980; x_wconf 81' lang='lat' dir='ltr'>Hispanias</span> <span class='ocrx_word' id='word_1_213' title='bbox 1355 2918 1557 2963; x_wconf 86' lang='grc'>11011110</span> <span class='ocrx_word' id='word_1_214' title='bbox 1587 2900 1690 2965; x_wconf 88' lang='grc'>1101</span> <span class='ocrx_word' id='word_1_215' title='bbox 1721 2900 1939 2963; x_wconf 91' lang='lat' dir='ltr'>eadem</span> <span class='ocrx_word' id='word_1_216' title='bbox 1972 2899 2074 2964; x_wconf 85' lang='lat' dir='ltr'>uel</span> <span class='ocrx_word' id='word_1_217' title='bbox 2105 2900 2340 2965; x_wconf 80' lang='lat' dir='ltr'>maiora</span> <span class='ocrx_word' id='word_1_218' title='bbox 2371 2899 2631 2964; x_wconf 87' lang='lat' dir='ltr'>forsitan</span> 
     </span>
    </p>

    <p class='ocr_par' dir='ltr' id='par_1_4' title="bbox 321 3001 2634 3289">
     <span class='ocr_line' id='line_1_26' title="bbox 321 3001 2629 3084; baseline 0.001 -19"><span class='ocrx_word' id='word_1_219' title='bbox 321 3001 534 3067; x_wconf 67' lang='lat' dir='ltr'>nsuitia</span> <span class='ocrx_word' id='word_1_220' title='bbox 592 3001 1044 3084; x_wconf 74' lang='lat' dir='ltr'>perdiderunt?</span> <span class='ocrx_word' id='word_1_221' title='bbox 1133 3020 1283 3083; x_wconf 89' lang='lat' dir='ltr'>quas</span> <span class='ocrx_word' id='word_1_222' title='bbox 1349 3003 1600 3083; x_wconf 90' lang='lat' dir='ltr'>quidem</span> <span class='ocrx_word' id='word_1_223' title='bbox 1669 3002 1957 3067; x_wconf 87' lang='lat' dir='ltr'>caelestis</span> <span class='ocrx_word' id='word_1_224' title='bbox 2026 3002 2119 3067; x_wconf 88' lang='lat' dir='ltr'>ira</span> <span class='ocrx_word' id='word_1_225' title='bbox 2178 3002 2427 3067; x_wconf 81' lang='lat' dir='ltr'>&#39;etiamsi</span> <span class='ocrx_word' id='word_1_226' title='bbox 2489 3002 2629 3068; x_wconf 88' lang='lat' dir='ltr'>aliis</span> 
     </span>
     <span class='ocr_line' id='line_1_27' title="bbox 380 3103 2634 3188; baseline 0 -19"><span class='ocrx_word' id='word_1_227' title='bbox 380 3106 761 3185; x_wconf 89' lang='lat' dir='ltr'>quibuslibet</span> <span class='ocrx_word' id='word_1_228' title='bbox 818 3103 1101 3169; x_wconf 87' lang='lat' dir='ltr'>barbaris</span> <span class='ocrx_word' id='word_1_229' title='bbox 1158 3105 1550 3184; x_wconf 74' lang='lat' dir='ltr'>tradidisset,</span> <span class='ocrx_word' id='word_1_230' title='bbox 1621 3103 1813 3188; x_wconf 85' lang='lat' dir='ltr'>digna</span> <span class='ocrx_word' id='word_1_231' title='bbox 1874 3103 2258 3188; x_wconf 80' lang='lat' dir='ltr'>flagitiorum</span> <span class='ocrx_word' id='word_1_232' title='bbox 2321 3106 2634 3171; x_wconf 86' lang='lat' dir='ltr'>tormenta</span> 
     </span>
     <span class='ocr_line' id='line_1_28' title="bbox 381 3206 2633 3289; baseline 0.001 -20"><span class='ocrx_word' id='word_1_233' title='bbox 381 3208 796 3273; x_wconf 88' lang='lat' dir='ltr'>tolerauerant</span> <span class='ocrx_word' id='word_1_234' title='bbox 825 3208 1119 3289; x_wconf 89' lang='lat' dir='ltr'>puritatis</span> <span class='ocrx_word' id='word_1_235' title='bbox 1149 3206 1406 3272; x_wconf 90' lang='lat' dir='ltr'>inimici.</span> <span class='ocrx_word' id='word_1_236' title='bbox 1439 3208 1544 3273; x_wconf 91' lang='lat' dir='ltr'>sed</span> <span class='ocrx_word' id='word_1_237' title='bbox 1574 3208 1837 3272; x_wconf 79' lang='lat' dir='ltr'>accessit</span> <span class='ocrx_word' id='word_1_238' title='bbox 1861 3208 1981 3273; x_wconf 92' lang='lat' dir='ltr'>huc</span> <span class='ocrx_word' id='word_1_239' title='bbox 2006 3208 2082 3273; x_wconf 89' lang='lat' dir='ltr'>ad</span> <span class='ocrx_word' id='word_1_240' title='bbox 2109 3207 2633 3274; x_wconf 78' lang='lat' dir='ltr'>manifestandam</span> 
     </span>
    </p>
   </div>
   <div class='ocr_carea' id='block_1_4' title="bbox 370 3477 2670 4311">
    <p class='ocr_par' dir='ltr' id='par_1_5' title="bbox 377 3477 2629 3716">
     <span class='ocr_line' id='line_1_29' title="bbox 480 3477 2629 3548; baseline 0 -16"><span class='ocrx_word' id='word_1_241' title='bbox 480 3480 511 3531; x_wconf 92' lang='lat'>1</span> <span class='ocrx_word' id='word_1_242' title='bbox 547 3493 708 3547; x_wconf 87' lang='lat' dir='ltr'>quam</span> <span class='ocrx_word' id='word_1_243' title='bbox 743 3477 1049 3532; x_wconf 86' lang='lat' dir='ltr'>hominibus</span> <span class='ocrx_word' id='word_1_244' title='bbox 1083 3478 1140 3532; x_wconf 90' lang='lat' dir='ltr'><em>B</em></span> <span class='ocrx_word' id='word_1_245' title='bbox 1174 3494 1244 3532; x_wconf 87' lang='lat' dir='ltr'>m.</span> <span class='ocrx_word' id='word_1_246' title='bbox 1270 3481 1304 3531; x_wconf 91' lang='lat'><strong><em>1</em></strong></span> <span class='ocrx_word' id='word_1_247' title='bbox 1491 3478 1525 3531; x_wconf 83' lang='lat'>2</span> <span class='ocrx_word' id='word_1_248' title='bbox 1560 3478 1781 3547; x_wconf 88' lang='lat' dir='ltr'>proinde</span> <span class='ocrx_word' id='word_1_249' title='bbox 1816 3479 2225 3535; x_wconf 73' lang='lat' dir='ltr'>Rittershusius</span> <span class='ocrx_word' id='word_1_250' title='bbox 2411 3479 2629 3548; x_wconf 86' lang='lat' dir='ltr'>pudicos</span> 
     </span>
     <span class='ocr_line' id='line_1_30' title="bbox 378 3561 2629 3632; baseline 0.001 -16"><span class='ocrx_word' id='word_1_251' title='bbox 378 3564 494 3630; x_wconf 86' lang='lat' dir='ltr'>quis</span> <span class='ocrx_word' id='word_1_252' title='bbox 541 3563 800 3617; x_wconf 85' lang='lat' dir='ltr'>barbarus</span> <span class='ocrx_word' id='word_1_253' title='bbox 846 3564 902 3618; x_wconf 84' lang='grc' dir='ltr'><strong><em>Α</em></strong></span> <span class='ocrx_word' id='word_1_254' title='bbox 1108 3562 1142 3615; x_wconf 90' lang='grc'><strong>3</strong></span> <span class='ocrx_word' id='word_1_255' title='bbox 1196 3561 1460 3631; x_wconf 87' lang='lat' dir='ltr'>pudiciam</span> <span class='ocrx_word' id='word_1_256' title='bbox 1514 3563 1568 3616; x_wconf 90' lang='lat' dir='ltr'><em>B</em></span> <span class='ocrx_word' id='word_1_257' title='bbox 1778 3564 1812 3619; x_wconf 87' lang='grc'>5</span> <span class='ocrx_word' id='word_1_258' title='bbox 1857 3564 1996 3632; x_wconf 86' lang='lat' dir='ltr'>quod</span> <span class='ocrx_word' id='word_1_259' title='bbox 2040 3563 2244 3619; x_wconf 87' lang='lat' dir='ltr'>accedit</span> <span class='ocrx_word' id='word_1_260' title='bbox 2290 3564 2327 3617; x_wconf 92' lang='lat' dir='ltr'>i.</span> <span class='ocrx_word' id='word_1_261' title='bbox 2375 3564 2441 3617; x_wconf 89' lang='lat' dir='ltr'>ad</span> <span class='ocrx_word' id='word_1_262' title='bbox 2488 3564 2629 3618; x_wconf 87' lang='lat' dir='ltr'>mala</span> 
     </span>
     <span class='ocr_line' id='line_1_31' title="bbox 377 3647 2487 3716; baseline 0.001 -14"><span class='ocrx_word' id='word_1_263' title='bbox 377 3652 573 3716; x_wconf 84' lang='lat' dir='ltr'>nostra,</span> <span class='ocrx_word' id='word_1_264' title='bbox 612 3650 754 3703; x_wconf 88' lang='lat' dir='ltr'>inter</span> <span class='ocrx_word' id='word_1_265' title='bbox 776 3648 933 3703; x_wconf 67' lang='lat' dir='ltr'>malit</span> <span class='ocrx_word' id='word_1_266' title='bbox 955 3648 1252 3703; x_wconf 72' lang='lat' dir='ltr'>Hartelius</span> <span class='ocrx_word' id='word_1_267' title='bbox 1422 3647 1618 3703; x_wconf 86' lang='lat' dir='ltr'>accidit</span> <span class='ocrx_word' id='word_1_268' title='bbox 1652 3648 1709 3702; x_wconf 82' lang='grc' dir='ltr'><strong><em>Δ</em></strong></span> <span class='ocrx_word' id='word_1_269' title='bbox 1744 3649 1967 3715; x_wconf 83' lang='lat' dir='ltr'>(accedit</span> <span class='ocrx_word' id='word_1_270' title='bbox 1991 3655 2043 3704; x_wconf 83' lang='lat' dir='ltr'>et</span> <span class='ocrx_word' id='word_1_271' title='bbox 2065 3649 2487 3715; x_wconf 74' lang='lat' dir='ltr'>Rittershusiue)</span> 
     </span>
    </p>

    <p class='ocr_par' dir='ltr' id='par_1_6' title="bbox 370 3734 2670 4147">
     <span class='ocr_line' id='line_1_32' title="bbox 378 3734 2629 3805; baseline 0.001 -18"><span class='ocrx_word' id='word_1_272' title='bbox 378 3734 410 3787; x_wconf 90' lang='lat'>8</span> <span class='ocrx_word' id='word_1_273' title='bbox 459 3735 654 3790; x_wconf 87' lang='lat' dir='ltr'>iudicio</span> <span class='ocrx_word' id='word_1_274' title='bbox 706 3735 1029 3804; x_wconf 86' lang='lat' dir='ltr'>praeiudicio</span> <span class='ocrx_word' id='word_1_275' title='bbox 1080 3735 1136 3788; x_wconf 88' lang='lat' dir='ltr'><em>B</em></span> <span class='ocrx_word' id='word_1_276' title='bbox 1358 3736 1420 3789; x_wconf 88' lang='lat'>15</span> <span class='ocrx_word' id='word_1_277' title='bbox 1477 3734 1816 3789; x_wconf 88' lang='lat' dir='ltr'>uindicantur</span> <span class='ocrx_word' id='word_1_278' title='bbox 1865 3734 1961 3789; x_wconf 78' lang='lat' dir='ltr'>sed</span> <span class='ocrx_word' id='word_1_279' title='bbox 2012 3751 2048 3788; x_wconf 90' lang='lat' dir='ltr'>n</span> <span class='ocrx_word' id='word_1_280' title='bbox 2100 3736 2168 3789; x_wconf 68' lang='lat' dir='ltr'>in</span> <span class='ocrx_word' id='word_1_281' title='bbox 2212 3735 2455 3803; x_wconf 75' lang='lat' dir='ltr'>paenult.</span> <span class='ocrx_word' id='word_1_282' title='bbox 2508 3736 2629 3805; x_wconf 77' lang='lat' dir='ltr'>syll.</span> 
     </span>
     <span class='ocr_line' id='line_1_33' title="bbox 370 3820 2670 3890; baseline 0 -15"><span class='ocrx_word' id='word_1_283' title='bbox 370 3827 559 3888; x_wconf 73' lang='lat' dir='ltr'>punct.</span> <span class='ocrx_word' id='word_1_284' title='bbox 597 3821 652 3875; x_wconf 86' lang='grc' dir='ltr'>Α.</span> <span class='ocrx_word' id='word_1_285' title='bbox 868 3822 943 3875; x_wconf 64' lang='grc'>’17</span> <span class='ocrx_word' id='word_1_286' title='bbox 997 3820 1203 3875; x_wconf 77' lang='lat' dir='ltr'>faciunt</span> <span class='ocrx_word' id='word_1_287' title='bbox 1255 3821 1312 3875; x_wconf 88' lang='lat' dir='ltr'><em>B</em></span> <span class='ocrx_word' id='word_1_288' title='bbox 1536 3821 1603 3875; x_wconf 87' lang='grc'>18</span> <span class='ocrx_word' id='word_1_289' title='bbox 1637 3837 1794 3890; x_wconf 84' lang='lat' dir='ltr'>penes</span> <span class='ocrx_word' id='word_1_290' title='bbox 1826 3827 2015 3889; x_wconf 74' lang='lat' dir='ltr'>punct.</span> <span class='ocrx_word' id='word_1_291' title='bbox 2053 3837 2079 3874; x_wconf 98' lang='grc'>3</span> <span class='ocrx_word' id='word_1_292' title='bbox 2122 3822 2176 3875; x_wconf 80' lang='grc' dir='ltr'><strong><em>Α</em></strong></span> <span class='ocrx_word' id='word_1_293' title='bbox 2209 3867 2212 3870; x_wconf 80' lang='lat'>.</span> <span class='ocrx_word' id='word_1_294' title='bbox 2383 3822 2449 3876; x_wconf 83' lang='lat'>19</span> <span class='ocrx_word' id='word_1_295' title='bbox 2483 3824 2630 3876; x_wconf 84' lang='lat' dir='ltr'>nost·</span> <span class='ocrx_word' id='word_1_296' title='bbox 2665 3853 2670 3858; x_wconf 84' lang='lat'><em>·</em></span> 
     </span>
     <span class='ocr_line' id='line_1_34' title="bbox 377 3906 2632 3976; baseline 0.002 -18"><span class='ocrx_word' id='word_1_297' title='bbox 377 3921 492 3959; x_wconf 89' lang='lat' dir='ltr'>rum</span> <span class='ocrx_word' id='word_1_298' title='bbox 538 3908 594 3961; x_wconf 92' lang='lat' dir='ltr'><strong><em>B</em></strong></span> <span class='ocrx_word' id='word_1_299' title='bbox 799 3908 870 3961; x_wconf 83' lang='lat'>20</span> <span class='ocrx_word' id='word_1_300' title='bbox 913 3907 1218 3975; x_wconf 84' lang='lat' dir='ltr'>polluerant</span> <span class='ocrx_word' id='word_1_301' title='bbox 1265 3907 1320 3960; x_wconf 90' lang='lat' dir='ltr'><em>B</em></span> <span class='ocrx_word' id='word_1_302' title='bbox 1559 3906 1628 3960; x_wconf 82' lang='lat'>22</span> <span class='ocrx_word' id='word_1_303' title='bbox 1671 3906 1959 3975; x_wconf 78' lang='lat' dir='ltr'>Aquitanis</span> <span class='ocrx_word' id='word_1_304' title='bbox 2007 3907 2294 3962; x_wconf 73' lang='lat' dir='ltr'>Halmius:</span> <span class='ocrx_word' id='word_1_305' title='bbox 2347 3910 2492 3962; x_wconf 87' lang='lat' dir='ltr'>recte</span> <span class='ocrx_word' id='word_1_306' title='bbox 2535 3907 2632 3976; x_wconf 75' lang='lat' dir='ltr'>(cf.</span> 
     </span>
     <span class='ocr_line' id='line_1_35' title="bbox 371 3990 2664 4063; baseline 0 -16"><span class='ocrx_word' id='word_1_307' title='bbox 371 4008 430 4060; x_wconf 76' lang='lat' dir='ltr'>p.</span> <span class='ocrx_word' id='word_1_308' title='bbox 453 3997 573 4060; x_wconf 85' lang='lat'>173,</span> <span class='ocrx_word' id='word_1_309' title='bbox 597 3997 695 4049; x_wconf 87' lang='grc'>17.·</span> <span class='ocrx_word' id='word_1_310' title='bbox 741 3994 802 4047; x_wconf 91' lang='grc'>111</span> <span class='ocrx_word' id='word_1_311' title='bbox 836 3993 984 4049; x_wconf 84' lang='lat' dir='ltr'>Afris</span> <span class='ocrx_word' id='word_1_312' title='bbox 1021 4008 1183 4061; x_wconf 85' lang='lat' dir='ltr'>paene</span> <span class='ocrx_word' id='word_1_313' title='bbox 1217 3990 1469 4046; x_wconf 89' lang='lat' dir='ltr'>omnibus</span> <span class='ocrx_word' id='word_1_314' title='bbox 1505 3992 1646 4047; x_wconf 88' lang='lat' dir='ltr'>nihil</span> <span class='ocrx_word' id='word_1_315' title='bbox 1687 3992 1880 4047; x_wconf 88' lang='lat' dir='ltr'>horum</span> <span class='ocrx_word' id='word_1_316' title='bbox 1918 3995 2001 4047; x_wconf 88' lang='grc'>030</span> <span class='ocrx_word' id='word_1_317' title='bbox 2035 3999 2087 4048; x_wconf 79' lang='lat' dir='ltr'>et</span> <span class='ocrx_word' id='word_1_318' title='bbox 2116 4010 2175 4062; x_wconf 74' lang='lat' dir='ltr'>p.</span> <span class='ocrx_word' id='word_1_319' title='bbox 2199 3997 2321 4060; x_wconf 82' lang='lat'>176,</span> <span class='ocrx_word' id='word_1_320' title='bbox 2344 3996 2433 4063; x_wconf 83' lang='lat'>15)</span> <span class='ocrx_word' id='word_1_321' title='bbox 2481 3994 2631 4063; x_wconf 89' lang='lat' dir='ltr'>aqui·</span> <span class='ocrx_word' id='word_1_322' title='bbox 2661 4001 2664 4006; x_wconf 75' lang='grc'><strong><em>’</em></strong></span> 
     </span>
     <span class='ocr_line' id='line_1_36' title="bbox 378 4078 2495 4147; baseline 0.003 -18"><span class='ocrx_word' id='word_1_323' title='bbox 378 4079 531 4133; x_wconf 86' lang='lat' dir='ltr'>tanos</span> <span class='ocrx_word' id='word_1_324' title='bbox 556 4080 621 4134; x_wconf 17' lang='lat' dir='ltr'>A*</span> <span class='ocrx_word' id='word_1_325' title='bbox 656 4078 980 4147; x_wconf 84' lang='lat' dir='ltr'>aquitanicis</span> <span class='ocrx_word' id='word_1_326' title='bbox 998 4078 1060 4132; x_wconf 80' lang='grc' dir='ltr'><strong><em>Β</em></strong></span> <span class='ocrx_word' id='word_1_327' title='bbox 1244 4079 1459 4133; x_wconf 83' lang='lat' dir='ltr'>tantum</span> <span class='ocrx_word' id='word_1_328' title='bbox 1497 4080 1712 4131; x_wconf 86' lang='lat' dir='ltr'>tantum</span> <span class='ocrx_word' id='word_1_329' title='bbox 1734 4078 1830 4132; x_wconf 78' lang='lat' dir='ltr'>sed</span> <span class='ocrx_word' id='word_1_330' title='bbox 1846 4084 2053 4147; x_wconf 77' lang='lat' dir='ltr'>poster.</span> <span class='ocrx_word' id='word_1_331' title='bbox 2078 4078 2193 4133; x_wconf 81' lang='lat' dir='ltr'>loco</span> <span class='ocrx_word' id='word_1_332' title='bbox 2208 4085 2405 4147; x_wconf 76' lang='lat' dir='ltr'>punct.</span> <span class='ocrx_word' id='word_1_333' title='bbox 2439 4081 2495 4135; x_wconf 79' lang='lat' dir='ltr'><strong><em>A</em></strong></span> 
     </span>
    </p>

    <p class='ocr_par' dir='ltr' id='par_1_7' title="bbox 379 4162 2628 4311">
     <span class='ocr_line' id='line_1_37' title="bbox 379 4162 2628 4234; baseline 0.002 -18"><span class='ocrx_word' id='word_1_334' title='bbox 379 4162 444 4217; x_wconf 83' lang='lat'>24</span> <span class='ocrx_word' id='word_1_335' title='bbox 494 4166 706 4233; x_wconf 83' lang='lat' dir='ltr'>spanias</span> <span class='ocrx_word' id='word_1_336' title='bbox 750 4180 792 4219; x_wconf 84' lang='grc'>3.</span> <span class='ocrx_word' id='word_1_337' title='bbox 828 4180 933 4221; x_wconf 78' lang='lat' dir='ltr'>scr.</span> <span class='ocrx_word' id='word_1_338' title='bbox 966 4181 1033 4219; x_wconf 83' lang='lat' dir='ltr'>m.</span> <span class='ocrx_word' id='word_1_339' title='bbox 1071 4166 1112 4218; x_wconf 78' lang='lat'><strong><em>2</em></strong></span> <span class='ocrx_word' id='word_1_340' title='bbox 1145 4163 1204 4217; x_wconf 88' lang='lat' dir='ltr'>hi</span> <span class='ocrx_word' id='word_1_341' title='bbox 1248 4164 1304 4218; x_wconf 80' lang='grc' dir='ltr'><strong><em>Δ</em></strong></span> <span class='ocrx_word' id='word_1_342' title='bbox 1509 4163 1576 4217; x_wconf 83' lang='grc'>27</span> <span class='ocrx_word' id='word_1_343' title='bbox 1621 4162 2073 4219; x_wconf 83' lang='lat' dir='ltr'>manifestandum</span> <span class='ocrx_word' id='word_1_344' title='bbox 2118 4164 2176 4219; x_wconf 75' lang='lat' dir='ltr'><strong><em>A</em></strong></span> <span class='ocrx_word' id='word_1_345' title='bbox 2206 4165 2336 4231; x_wconf 76' lang='lat' dir='ltr'>fort.</span> <span class='ocrx_word' id='word_1_346' title='bbox 2372 4171 2521 4221; x_wconf 77' lang='lat' dir='ltr'>recte</span> <span class='ocrx_word' id='word_1_347' title='bbox 2555 4167 2628 4234; x_wconf 78' lang='lat' dir='ltr'>cf.</span> 
     </span>
     <span class='ocr_line' id='line_1_38' title="bbox 379 4253 531 4311; baseline -0.039 -1"><span class='ocrx_word' id='word_1_348' title='bbox 379 4253 424 4311; x_wconf 66' lang='lat'>5.</span> <span class='ocrx_word' id='word_1_349' title='bbox 461 4253 531 4305; x_wconf 75' lang='lat'>54</span> 
     </span>
    </p>
   </div>
   <div class='ocr_carea' id='block_1_5' title="bbox 2321 4356 2428 4411">
    <p class='ocr_par' dir='ltr' id='par_1_8' title="bbox 2321 4356 2428 4411">
     <span class='ocr_line' id='line_1_39' title="bbox 2321 4356 2428 4411; baseline -0.009 0"><span class='ocrx_word' id='word_1_350' title='bbox 2321 4356 2428 4411; x_wconf 83' lang='lat'>11*</span> 
     </span>
    </p>
   </div>
  </div>
 </body>
</html>
