3380 4919
606 266 692 332 56
1575 263 1891 318 Saluiani

607 452 848 533 laedat,
907 453 1015 536 qui
1057 451 1308 518 silentio
1353 471 1420 519 os
1467 453 1821 531 coherceat,
1880 474 1958 520 116
2009 455 2074 520 16
2129 455 2612 521 amaritudinem
2665 455 2862 521 male-

609 556 895 622 dictionis
940 558 1272 637 erumpat?
1317 557 1456 639 quis
1502 559 1615 635 est,
1663 557 1771 640 qui
1816 557 2007 623 faciat
2055 558 2207 624 haec
2250 559 2553 624 minima?
2619 559 2693 622 111
2736 578 2860 624 non

502 661 585 729 41
608 658 811 725 dicam
854 657 998 736 illa,
1045 659 1122 724 de
1168 658 1392 742 quibus
1438 659 1712 726 diximus
1755 662 1942 744 paulo
1989 665 2155 741 ante,
2203 663 2457 728 maiora.
2520 681 2674 744 quae
2720 682 2861 728 cum

608 763 700 829 ita
743 762 872 827 sint
916 763 980 827 et
1025 781 1166 827 cum
1212 782 1252 828 a
1294 763 1473 829 nobis
1517 763 1677 829 nihil
1722 764 1975 846 penitus
2020 765 2367 830 dominicae
2394 764 2688 830 iussionis
2732 763 2859 839 fiat,

608 865 756 949 quid
813 868 907 930 est
965 869 1126 950 quod
1182 885 1296 931 nos
1342 885 1678 949 queramur
1723 868 1800 932 de
1854 868 2002 952 dec,
2064 887 2207 934 cum
2252 871 2423 952 queri
2466 868 2669 951 magis
2714 869 2864 933 deus
2904 888 2933 930 5

608 970 685 1035 de
741 969 918 1035 nobis
977 971 1265 1036 omnibus
1320 970 1597 1053 possit?
1662 989 1821 1053 quae
1862 971 2023 1036 ratio
2069 975 2196 1049 est,
2254 974 2325 1036 ut
2382 971 2698 1037 doleamus
2753 989 2864 1036 nos

607 1090 730 1137 non
777 1072 980 1137 audiri
1026 1090 1063 1136 a
1091 1073 1225 1152 deo,
1274 1091 1412 1138 cum
1449 1072 1573 1155 ipsi
1605 1073 1791 1138 deum
1820 1092 1943 1139 non
1980 1074 2325 1153 6611166166,
2374 1078 2446 1139 111
2474 1092 2861 1140 6661111616116

607 1194 732 1241 666
778 1175 1006 1258 respici
1050 1195 1087 1241 a
1132 1180 1242 1242 deo
1287 1181 1510 1262 terras,
1558 1197 1701 1243 cum
1745 1177 1867 1260 ipsi
1895 1196 2015 1243 non
2052 1179 2457 1262 respiciamus
2490 1181 2567 1244 ad
2598 1160 2861 1261 caelum,

606 1283 681 1344 ut
723 1279 1061 1345 molestum
1103 1279 1191 1344 sit
1235 1280 1471 1363 despici
1516 1298 1553 1344 a
1597 1280 1850 1346 domino
1894 1300 2107 1363 preces
2164 1285 2439 1360 nostras,
2499 1301 2638 1347 cum
2685 1299 2863 1364 prae-

609 1387 792 1466 cepta
835 1382 969 1448 eius
1016 1382 1435 1465 despiciantur
1476 1403 1515 1448 a
1558 1383 1781 1449 nobis?
1848 1383 1948 1449 fac
1993 1402 2106 1448 nos
2149 1403 2330 1467 pares
2362 1384 2610 1449 domino
2656 1385 2862 1449 nostro
2882 1403 2934 1446 ιο

500 1485 772 1553 4266661
818 1486 953 1569 quis
1000 1488 1201 1553 iustae
1246 1489 1660 1568 querimoniae
1692 1489 1865 1552 locus
1898 1488 2010 1565 est,
2056 1488 2172 1552 hoc
2203 1489 2335 1568 pati
2368 1506 2673 1570 quemque
2703 1487 2865 1570 quod

605 1590 865 1656 fecerit?
931 1590 1106 1657 saluo
1152 1608 1222 1655 eo
1268 1590 1432 1673 quod
1466 1590 1728 1671 probare
1773 1590 1954 1656 facile
1998 1607 2269 1672 possum,
2315 1607 2709 1671 nequaquam
2752 1607 2863 1653 nos

605 1692 737 1774 pati
782 1693 898 1759 illa
941 1713 1098 1777 quae
1143 1694 1408 1759 facimus
1455 1695 1521 1758 et
1565 1694 1781 1758 mitius
1826 1693 2029 1757 multo
2073 1693 2400 1757 nobiscum
2442 1693 2629 1757 deum
2680 1709 2870 1773 agere¹

608 1816 796 1880 quam
838 1816 950 1863 nos
996 1815 1136 1862 cum
1182 1796 1332 1861 deo:
1377 1795 1484 1859 sed
1531 1796 1787 1860 interim
1832 1797 2043 1860 tamen
2087 1796 2204 1860 hac
2250 1811 2511 1877 agamus
2556 1795 2696 1877 lege
2743 1811 2865 1876 qua

602 1902 936 1984 coepimus.
1011 1901 1101 1964 616
1145 1899 1313 1963 enim
1359 1897 1557 1962 etiam
1603 1899 1890 1963 dominus
1944 1897 2078 1980 ipse
2134 1899 2319 1962 dicit:
2384 1897 2726 1964 clamaui
2772 1900 2862 1964 ad
2882 1915 2934 1958 15

610 2022 746 2068 uos
802 2005 880 2067 61
933 2019 1080 2066 11611
1137 1998 1490 2064 6111116116
1544 2018 1688 2064 me:
1750 2000 1824 2063 et
1877 2017 2017 2065 1166
2077 2002 2542 2067 clamabitis
2598 2001 2689 2066 ad
2748 2020 2864 2066 me

608 2108 683 2169 61
725 2123 874 2170 11611
919 2101 1340 2167 exaudiam
1385 2118 1543 2165 uos.
1591 2102 1740 2185 quid
1787 2102 1955 2167 euim
1987 2102 2240 2188 dignius
2272 2104 2384 2168 aut
2413 2105 2560 2186 quid
2591 2103 2864 2169 iustius?

501 2209 587 2276 43
605 2226 728 2271 non
771 2203 1126 2270 audiuimus
1172 2221 1294 2267 non
1350 2202 1672 2270 audimur:
1720 2222 1845 2269 non
1896 2205 2274 2288 respeximus
2321 2224 2443 2271 non
2475 2205 2863 2289 respicimur.

608 2309 778 2391 quiS,
837 2325 1014 2390 rogo,
1075 2325 1146 2372 ex
1192 2307 1544 2373 carnalibus
1610 2308 1879 2373 dominis
1941 2309 2058 2374 hac
2115 2327 2255 2374 cum
2313 2311 2443 2374 suis
2501 2310 2639 2394 lege
2684 2328 2863 2393 agere

611 2411 944 2476 contentus
1001 2413 1131 2490 est,
1189 2413 1261 2476 ut
1315 2413 1675 2492 contemnat
1731 2413 2164 2479 tantummodo
2222 2431 2431 2480 seruos
2487 2432 2659 2496 61166,
2721 2413 2936 2497 11111616

608 2513 799 2579 fuerit
842 2514 920 2580 ab
967 2516 1054 2581 eis
1099 2517 1227 2599 ipse
1273 2516 1718 2599 contemptus?
1764 2535 2144 2599 quamquam
2190 2536 2301 2582 nos
2334 2536 2455 2582 non
2500 2518 2616 2582 hac
2661 2516 2865 2581 solum

606 2616 838 2683 iniuria
881 2623 1355 2684 contemnamus
1402 2618 1610 2698 deum,
1658 2638 1779 2701 qua
1811 2620 2125 2684 contemni
2171 2640 2207 2685 6
2239 2622 2435 2685 6611116
2467 2621 2595 2684 61116
2627 2617 2865 2683 11616161

607 2720 883 2787 66166166
930 2722 1170 2803 6616111,
1230 2724 1374 2804 quia
1434 2740 1757 2786 seruorum
1803 2722 1909 2786 1116
1952 2725 2343 2806 contemptus
2389 2725 2484 2787 661
2530 2721 2860 2803 maximae,

768 2867 835 2919 15
856 2867 1015 2920 Prou.
1045 2866 1091 2931 1,
1116 2866 1186 2920 24
1220 2866 1383 2924 Mioh.
1408 2866 1458 2931 3,
1482 2866 1518 2919 4
1552 2866 1696 2920 Psal.
1723 2867 1805 2931 17,
1828 2866 1897 2920 42
1932 2867 2165 2922 Hierem.
2199 2868 2278 2932 11,
2305 2868 2368 2921 11
2404 2866 2624 2922 Zachar.
2653 2866 2700 2931 7,
2729 2864 2793 2918 13

609 2995 959 3051 delectationi
995 2995 1048 3048 Β
1073 2999 1214 3049 etex
1238 2992 1587 3048 dilectatione
1623 3010 1764 3048 corr.
1788 3011 1857 3049 m.
1883 2998 1924 3049 2
1947 2997 2031 3061 A,·
2064 2998 2306 3064 primum
2327 2993 2676 3049 scribendum
2691 2998 2863 3061 puta·

608 3098 804 3137 ueram
847 3080 1224 3135 detractationi
1268 3088 1333 3135 ut
1379 3087 1458 3135 est
1503 3082 1658 3149 aspud
1694 3081 2038 3151 Cyprianum
2065 3098 2128 3149 p.
2165 3086 2285 3145 689,
2321 3085 2386 3135 19
2423 3080 2503 3134 ed.
2542 3079 2865 3133 Hartelius:

609 3167 871 3221 bonorum
903 3167 1119 3235 integra
1152 3183 1215 3221 ac
1250 3168 1455 3221 sincera
1491 3167 1710 3221 dilectio
1750 3166 1819 3220 ab
1841 3167 2090 3222 omnibus
2126 3167 2418 3221 haereticae
2455 3164 2865 3218 detractationis

609 3253 853 3309 sordibus
888 3256 1232 3324 repurgetur3
1288 3256 1384 3309 sed
1428 3271 1580 3309 nunc
1614 3260 1664 3309 et
1699 3256 1780 3310 ibi
1813 3271 2025 3324 quoque
2060 3270 2128 3308 em
2163 3254 2277 3309 cod.
2323 3253 2369 3308 G
2399 3253 2642 3320 recipere
2677 3252 2865 3306 malim

609 3341 952 3396 detractionis
1178 3342 1206 3395 1
1262 3341 1536 3396 coherceat
1590 3339 1705 3394 AB
1909 3341 1943 3394 3
1996 3340 2197 3393 cumita
2249 3354 2318 3392 ex
2372 3337 2567 3391 comita
2621 3338 2676 3391 A
2723 3354 2868 3393 corr.

606 3444 676 3483 m.
710 3431 746 3481 2
949 3427 985 3480 4
1020 3427 1160 3480 nihil
1195 3427 1251 3481 A
1287 3426 1433 3495 quod
1455 3427 1746 3481 Halmium
1781 3426 1941 3496 suffit,
1979 3425 2076 3493 qui
2109 3425 2172 3478 in
2204 3424 2259 3478 Β
2294 3428 2435 3478 certe
2469 3422 2550 3475 nil
2585 3424 2866 3477 inuenisse

607 3514 834 3569 uidetur
1014 3516 1048 3569 5
1082 3530 1396 3583 quaeramur
1432 3512 1504 3577 A,
1541 3515 1672 3567 item
1688 3514 1864 3581 paulo
1884 3518 2011 3581 post
2045 3512 2228 3580 quaeri
2252 3510 2348 3563 sed
2372 3510 2459 3564 hic
2485 3525 2517 3562 a
2530 3515 2724 3578 punct.

611 3602 641 3655 7
677 3600 853 3654 audiri
879 3617 946 3655 ex
970 3600 1154 3654 audire
1188 3602 1245 3654 A
1279 3615 1417 3654 corr.
1443 3616 1511 3653 m.
1537 3602 1578 3653 2
1751 3598 1834 3667 ut]
1873 3599 1927 3651 et
1961 3598 2016 3650 Β
2206 3598 2265 3650 11
2305 3597 2445 3649 iuste
2481 3597 2535 3649 A
2706 3611 2862 3664 quae-

607 3686 865 3741 rimoniae
897 3688 954 3740 A
987 3686 1082 3741 sed
1113 3686 1305 3753 priore
1340 3700 1373 3737 a
1400 3690 1594 3752 punct.
1797 3684 1862 3736 13
1897 3682 2072 3750 deum]
2110 3681 2314 3735 domini
2348 3683 2404 3735 Β
2604 3682 2667 3735 14
2704 3696 2865 3749 quam

608 3788 705 3827 nos
729 3788 829 3826 om.
853 3773 908 3825 Β
1105 3771 1229 3839 qua]
1256 3786 1413 3839 quam
1437 3771 1492 3823 Β
1689 3771 1757 3824 15
1779 3770 1942 3822 611661
1970 3769 2084 3835 ipse
2108 3768 2354 3821 dominus
2377 3769 2433 3821 Β
2632 3769 2695 3821 17
2734 3767 2866 3836 quid

610 3863 762 3926 (post
783 3861 899 3923 aut)
926 3874 1026 3911 om.
1055 3856 1110 3910 Β
1132 3872 1202 3910 m.
1227 3860 1259 3908 1
1454 3856 1524 3909 20
1551 3855 1898 3921 contempnat
1919 3854 1975 3907 A
1999 3854 2148 3920 (item
2171 3855 2340 3921 paulo
2362 3857 2485 3923 post
2510 3857 2865 3924 comtempna-

612 3960 731 3996 mus
768 3950 819 3997 et
854 3941 1179 4011 contempni)
1387 3958 1569 3995 seruos
1617 3958 1685 3994 ex
1734 3955 1883 3994 seruo
1934 3939 1990 3992 A
2026 3955 2162 3993 corr.
2200 3956 2268 3993 m.
2308 3945 2337 3994 1
2546 3941 2613 3994 22
2659 3938 2865 3994 domini

609 4045 711 4084 om.
746 4030 802 4082 Β
975 4028 1212 4081 66166166
1246 4028 1303 4081 A
1326 4045 1423 4082 arn
1447 4029 1555 4081 litt.
1580 4028 1643 4080 iu
1668 4041 1777 4079 ras.
1790 4045 1810 4092 ;
1848 4025 1983 4093 quid
2006 4042 2073 4079 m.
2101 4030 2133 4078 1
2153 4027 2403 4081 habuerit
2429 4027 2710 4093 (Halmius
2735 4025 2867 4079 dicit

610 4114 857 4178 curiales)
894 4114 1203 4169 discernere
1249 4130 1364 4168 uon
1398 4114 1551 4182 potui
1560 4133 1580 4176 ‚-
1634 4128 1730 4165 cur
1776 4112 1912 4163 tales
1960 4111 2015 4163 Β
2052 4113 2298 4177 (curiales
2342 4115 2514 4179 Ttv);
2573 4111 2867 4165 saeculares

609 4200 928 4269 suspicatur
961 4200 1250 4255 Hartelius

258 4471 721 4688 ΓΝ

824 4791 1013 4919 k
