<?xml version="1.0" encoding="UTF-8"?>
<!DOCTYPE html PUBLIC "-//W3C//DTD XHTML 1.0 Transitional//EN"
    "http://www.w3.org/TR/xhtml1/DTD/xhtml1-transitional.dtd">
<html xmlns="http://www.w3.org/1999/xhtml" xml:lang="en" lang="en">
 <head>
  <title>
</title>
<meta http-equiv="Content-Type" content="text/html;charset=utf-8" />
  <meta name='ocr-system' content='tesseract 3.04.00' />
  <meta name='ocr-capabilities' content='ocr_page ocr_carea ocr_par ocr_line ocrx_word'/>
</head>
<body>
  <div class='ocr_page' id='page_1' title='image "./operaomnia07paulgoog_0293.png"; bbox 0 0 3380 4919; ppageno 0'>
   <div class='ocr_carea' id='block_1_1' title="bbox 1174 307 2761 374">
    <p class='ocr_par' dir='ltr' id='par_1_1' title="bbox 1174 307 2761 374">
     <span class='ocr_line' id='line_1_1' title="bbox 1174 307 2761 374; baseline -0.006 -9"><span class='ocrx_word' id='word_1_1' title='bbox 1174 310 1254 365; x_wconf 87' lang='lat' dir='ltr'>ad</span> <span class='ocrx_word' id='word_1_2' title='bbox 1291 311 1650 365; x_wconf 85' lang='lat' dir='ltr'>ecclesiam</span> <span class='ocrx_word' id='word_1_3' title='bbox 1701 309 1761 365; x_wconf 88' lang='lat'>11</span> <span class='ocrx_word' id='word_1_4' title='bbox 1798 312 1829 373; x_wconf 68' lang='grc' dir='ltr'>ξ</span> <span class='ocrx_word' id='word_1_5' title='bbox 1865 307 2086 361; x_wconf 83' lang='grc'>26-33.</span> <span class='ocrx_word' id='word_1_6' title='bbox 2633 307 2761 374; x_wconf 81' lang='lat'>255</span> 
     </span>
    </p>
   </div>
   <div class='ocr_carea' id='block_1_2' title="bbox 502 494 2855 893">
    <p class='ocr_par' dir='ltr' id='par_1_2' title="bbox 502 494 2855 893">
     <span class='ocr_line' id='line_1_2' title="bbox 503 494 2758 585; baseline -0.003 -19"><span class='ocrx_word' id='word_1_7' title='bbox 503 502 802 568; x_wconf 77' lang='lat' dir='ltr'>facultate</span> <span class='ocrx_word' id='word_1_8' title='bbox 857 503 1172 585; x_wconf 82' lang='lat' dir='ltr'>migrare?</span> <span class='ocrx_word' id='word_1_9' title='bbox 1241 499 1426 564; x_wconf 89' lang='lat' dir='ltr'>aliter</span> <span class='ocrx_word' id='word_1_10' title='bbox 1484 501 1652 564; x_wconf 88' lang='lat' dir='ltr'>enim</span> <span class='ocrx_word' id='word_1_11' title='bbox 1714 495 1980 579; x_wconf 76' lang='lat' dir='ltr'>quilibet</span> <span class='ocrx_word' id='word_1_12' title='bbox 2038 495 2279 576; x_wconf 87' lang='lat' dir='ltr'>horum,</span> <span class='ocrx_word' id='word_1_13' title='bbox 2342 494 2398 558; x_wconf 90' lang='lat' dir='ltr'>si</span> <span class='ocrx_word' id='word_1_14' title='bbox 2453 512 2553 559; x_wconf 90' lang='lat' dir='ltr'>res</span> <span class='ocrx_word' id='word_1_15' title='bbox 2615 512 2758 559; x_wconf 86' lang='lat' dir='ltr'>suas</span> 
     </span>
     <span class='ocr_line' id='line_1_3' title="bbox 502 597 2855 685; baseline -0.003 -14"><span class='ocrx_word' id='word_1_16' title='bbox 502 606 743 672; x_wconf 89' lang='lat' dir='ltr'>saeculo</span> <span class='ocrx_word' id='word_1_17' title='bbox 819 605 1043 669; x_wconf 90' lang='lat' dir='ltr'>deditis</span> <span class='ocrx_word' id='word_1_18' title='bbox 1111 609 1297 685; x_wconf 88' lang='lat' dir='ltr'>atque</span> <span class='ocrx_word' id='word_1_19' title='bbox 1360 602 1483 685; x_wconf 87' lang='lat' dir='ltr'>ipsi</span> <span class='ocrx_word' id='word_1_20' title='bbox 1549 603 1795 667; x_wconf 89' lang='lat' dir='ltr'>saeculo</span> <span class='ocrx_word' id='word_1_21' title='bbox 1863 599 2272 680; x_wconf 83' lang='lat' dir='ltr'>derelinquit,</span> <span class='ocrx_word' id='word_1_22' title='bbox 2341 597 2574 664; x_wconf 88' lang='lat' dir='ltr'>frustra</span> <span class='ocrx_word' id='word_1_23' title='bbox 2617 598 2762 683; x_wconf 16' lang='lat' dir='ltr'>‘sibi</span> <span class='ocrx_word' id='word_1_24' title='bbox 2849 668 2855 673; x_wconf 69' lang='grc'><strong>,</strong></span> 
     </span>
     <span class='ocr_line' id='line_1_4' title="bbox 505 701 2760 789; baseline -0.004 -16"><span class='ocrx_word' id='word_1_25' title='bbox 505 726 728 773; x_wconf 89' lang='lat' dir='ltr'>nomen</span> <span class='ocrx_word' id='word_1_26' title='bbox 794 707 1115 789; x_wconf 86' lang='lat' dir='ltr'>religionis</span> <span class='ocrx_word' id='word_1_27' title='bbox 1180 706 1526 789; x_wconf 83' lang='lat' dir='ltr'>inscripsit:</span> <span class='ocrx_word' id='word_1_28' title='bbox 1603 705 1660 770; x_wconf 90' lang='lat' dir='ltr'>ei</span> <span class='ocrx_word' id='word_1_29' title='bbox 1722 703 1974 769; x_wconf 87' lang='lat' dir='ltr'>uidetur</span> <span class='ocrx_word' id='word_1_30' title='bbox 2042 720 2284 784; x_wconf 89' lang='lat' dir='ltr'>semper</span> <span class='ocrx_word' id='word_1_31' title='bbox 2350 701 2594 783; x_wconf 82' lang='lat' dir='ltr'>uixisse,</span> <span class='ocrx_word' id='word_1_32' title='bbox 2662 701 2760 764; x_wconf 90' lang='lat' dir='ltr'>cui</span> 
     </span>
     <span class='ocr_line' id='line_1_5' title="bbox 503 804 2163 893; baseline 0 -18"><span class='ocrx_word' id='word_1_33' title='bbox 503 811 786 875; x_wconf 91' lang='lat' dir='ltr'>moritur.</span> <span class='ocrx_word' id='word_1_34' title='bbox 858 810 934 874; x_wconf 88' lang='lat' dir='ltr'>de</span> <span class='ocrx_word' id='word_1_35' title='bbox 981 809 1348 893; x_wconf 79' lang='lat' dir='ltr'>coniugibus</span> <span class='ocrx_word' id='word_1_36' title='bbox 1393 808 1602 889; x_wconf 88' lang='lat' dir='ltr'>itaque</span> <span class='ocrx_word' id='word_1_37' title='bbox 1646 809 1774 873; x_wconf 85' lang='lat' dir='ltr'>ista</span> <span class='ocrx_word' id='word_1_38' title='bbox 1819 804 2163 875; x_wconf 60' lang='lat' dir='ltr'>sufficiunt,</span> 
     </span>
    </p>
   </div>
   <div class='ocr_carea' id='block_1_3' title="bbox 438 925 2873 3703">
    <p class='ocr_par' dir='ltr' id='par_1_3' title="bbox 460 925 2867 1425">
     <span class='ocr_line' id='line_1_6' title="bbox 460 925 2867 1010; baseline -0.004 -11"><span class='ocrx_word' id='word_1_39' title='bbox 460 959 487 999; x_wconf 82' lang='lat'><strong>5</strong></span> <span class='ocrx_word' id='word_1_40' title='bbox 591 930 769 997; x_wconf 84' lang='lat' dir='ltr'><strong>VIII.</strong></span> <span class='ocrx_word' id='word_1_41' title='bbox 829 931 1241 995; x_wconf 78' lang='lat' dir='ltr'>Transeamus</span> <span class='ocrx_word' id='word_1_42' title='bbox 1301 929 1381 994; x_wconf 91' lang='lat' dir='ltr'>ad</span> <span class='ocrx_word' id='word_1_43' title='bbox 1441 947 1643 994; x_wconf 86' lang='lat' dir='ltr'>sacras</span> <span class='ocrx_word' id='word_1_44' title='bbox 1697 927 2002 1010; x_wconf 74' lang='lat' dir='ltr'>uirgines„</span> <span class='ocrx_word' id='word_1_45' title='bbox 2058 925 2281 1007; x_wconf 89' lang='lat' dir='ltr'>quibus</span> <span class='ocrx_word' id='word_1_46' title='bbox 2327 925 2529 1009; x_wconf 83' lang='lat' dir='ltr'>legem</span> <span class='ocrx_word' id='word_1_47' title='bbox 2574 928 2757 992; x_wconf 89' lang='lat' dir='ltr'>deuo·</span> <span class='ocrx_word' id='word_1_48' title='bbox 2780 935 2867 1001; x_wconf 89' lang='lat'>30</span> 
     </span>
     <span class='ocr_line' id='line_1_7' title="bbox 506 1030 2760 1115; baseline -0.003 -17"><span class='ocrx_word' id='word_1_49' title='bbox 506 1035 694 1101; x_wconf 86' lang='lat' dir='ltr'>tionis</span> <span class='ocrx_word' id='word_1_50' title='bbox 755 1034 1033 1099; x_wconf 88' lang='lat' dir='ltr'>saluator</span> <span class='ocrx_word' id='word_1_51' title='bbox 1091 1034 1225 1115; x_wconf 90' lang='lat' dir='ltr'>ipse</span> <span class='ocrx_word' id='word_1_52' title='bbox 1267 1033 1699 1115; x_wconf 77' lang='lat' dir='ltr'>praescripsit,</span> <span class='ocrx_word' id='word_1_53' title='bbox 1762 1031 2041 1111; x_wconf 86' lang='lat' dir='ltr'>exemplo</span> <span class='ocrx_word' id='word_1_54' title='bbox 2088 1030 2328 1095; x_wconf 87' lang='lat' dir='ltr'>scilicet</span> <span class='ocrx_word' id='word_1_55' title='bbox 2373 1032 2585 1097; x_wconf 86' lang='lat' dir='ltr'>decem</span> <span class='ocrx_word' id='word_1_56' title='bbox 2629 1031 2760 1093; x_wconf 89' lang='lat' dir='ltr'>uir-</span> 
     </span>
     <span class='ocr_line' id='line_1_8' title="bbox 509 1135 2761 1220; baseline -0.001 -20"><span class='ocrx_word' id='word_1_57' title='bbox 509 1136 747 1220; x_wconf 89' lang='lat' dir='ltr'>ginum,</span> <span class='ocrx_word' id='word_1_58' title='bbox 793 1156 864 1201; x_wconf 83' lang='lat' dir='ltr'>ex</span> <span class='ocrx_word' id='word_1_59' title='bbox 910 1138 1136 1218; x_wconf 88' lang='lat' dir='ltr'>quibus</span> <span class='ocrx_word' id='word_1_60' title='bbox 1179 1136 1490 1201; x_wconf 84' lang='lat' dir='ltr'>fatuarum</span> <span class='ocrx_word' id='word_1_61' title='bbox 1521 1154 1852 1201; x_wconf 88' lang='lat' dir='ltr'>numerum</span> <span class='ocrx_word' id='word_1_62' title='bbox 1900 1136 2255 1217; x_wconf 87' lang='lat' dir='ltr'>puellarum</span> <span class='ocrx_word' id='word_1_63' title='bbox 2297 1135 2437 1203; x_wconf 89' lang='lat' dir='ltr'>ideo</span> <span class='ocrx_word' id='word_1_64' title='bbox 2481 1136 2761 1199; x_wconf 88' lang='lat' dir='ltr'>tantum-</span> 
     </span>
     <span class='ocr_line' id='line_1_9' title="bbox 509 1236 2762 1321; baseline -0.002 -14"><span class='ocrx_word' id='word_1_65' title='bbox 509 1240 691 1307; x_wconf 87' lang='lat' dir='ltr'>modo</span> <span class='ocrx_word' id='word_1_66' title='bbox 738 1239 893 1304; x_wconf 85' lang='lat' dir='ltr'>dicit</span> <span class='ocrx_word' id='word_1_67' title='bbox 937 1240 1152 1321; x_wconf 88' lang='lat' dir='ltr'>poenis</span> <span class='ocrx_word' id='word_1_68' title='bbox 1197 1241 1569 1320; x_wconf 88' lang='lat' dir='ltr'>perennibus</span> <span class='ocrx_word' id='word_1_69' title='bbox 1604 1240 1903 1317; x_wconf 90' lang='lat' dir='ltr'>dandum,</span> <span class='ocrx_word' id='word_1_70' title='bbox 1949 1238 2098 1319; x_wconf 85' lang='lat' dir='ltr'>quia</span> <span class='ocrx_word' id='word_1_71' title='bbox 2128 1239 2213 1305; x_wconf 89' lang='lat' dir='ltr'>sit</span> <span class='ocrx_word' id='word_1_72' title='bbox 2244 1236 2303 1302; x_wconf 88' lang='lat' dir='ltr'>ei</span> <span class='ocrx_word' id='word_1_73' title='bbox 2333 1255 2488 1317; x_wconf 89' lang='lat' dir='ltr'>opus</span> <span class='ocrx_word' id='word_1_74' title='bbox 2519 1238 2762 1302; x_wconf 87' lang='lat' dir='ltr'>miseri-</span> 
     </span>
     <span class='ocr_line' id='line_1_10' title="bbox 512 1340 2764 1425; baseline -0 -19"><span class='ocrx_word' id='word_1_75' title='bbox 512 1345 748 1408; x_wconf 82' lang='lat' dir='ltr'>cordiae</span> <span class='ocrx_word' id='word_1_76' title='bbox 815 1342 1196 1411; x_wconf 89' lang='lat' dir='ltr'>defuturum.</span> <span class='ocrx_word' id='word_1_77' title='bbox 1283 1363 1401 1425; x_wconf 91' lang='lat' dir='ltr'>quo</span> <span class='ocrx_word' id='word_1_78' title='bbox 1476 1343 1645 1408; x_wconf 88' lang='lat' dir='ltr'>dicto</span> <span class='ocrx_word' id='word_1_79' title='bbox 1722 1341 2194 1407; x_wconf 82' lang='lat' dir='ltr'>euidentissime</span> <span class='ocrx_word' id='word_1_80' title='bbox 2269 1340 2484 1408; x_wconf 89' lang='lat' dir='ltr'>docuit</span> <span class='ocrx_word' id='word_1_81' title='bbox 2547 1343 2764 1420; x_wconf 86' lang='lat' dir='ltr'>quanti</span> 
     </span>
    </p>

    <p class='ocr_par' dir='ltr' id='par_1_4' title="bbox 438 1444 2861 1942">
     <span class='ocr_line' id='line_1_11' title="bbox 438 1444 2763 1530; baseline -0.001 -19"><span class='ocrx_word' id='word_1_82' title='bbox 438 1472 489 1511; x_wconf 80' lang='grc' dir='ltr'>ιο</span> <span class='ocrx_word' id='word_1_83' title='bbox 509 1447 693 1528; x_wconf 88' lang='lat' dir='ltr'>pretii</span> <span class='ocrx_word' id='word_1_84' title='bbox 737 1446 1028 1515; x_wconf 87' lang='lat' dir='ltr'>iudicarit</span> <span class='ocrx_word' id='word_1_85' title='bbox 1073 1449 1315 1530; x_wconf 86' lang='lat' dir='ltr'>largam</span> <span class='ocrx_word' id='word_1_86' title='bbox 1359 1447 1870 1523; x_wconf 85' lang='lat' dir='ltr'>misericordiam,</span> <span class='ocrx_word' id='word_1_87' title='bbox 1918 1447 2052 1511; x_wconf 87' lang='lat' dir='ltr'>sine</span> <span class='ocrx_word' id='word_1_88' title='bbox 2103 1463 2222 1525; x_wconf 90' lang='lat' dir='ltr'>qua</span> <span class='ocrx_word' id='word_1_89' title='bbox 2254 1444 2412 1508; x_wconf 83' lang='lat' dir='ltr'>dixit</span> <span class='ocrx_word' id='word_1_90' title='bbox 2446 1458 2562 1508; x_wconf 83' lang='lat' dir='ltr'>nec·</span> <span class='ocrx_word' id='word_1_91' title='bbox 2603 1444 2763 1509; x_wconf 87' lang='lat' dir='ltr'>inte-</span> 
     </span>
     <span class='ocr_line' id='line_1_12' title="bbox 506 1547 2861 1632; baseline -0 -19"><span class='ocrx_word' id='word_1_92' title='bbox 506 1551 803 1630; x_wconf 87' lang='lat' dir='ltr'>gritatem</span> <span class='ocrx_word' id='word_1_93' title='bbox 862 1550 1114 1631; x_wconf 89' lang='lat' dir='ltr'>quidem</span> <span class='ocrx_word' id='word_1_94' title='bbox 1169 1552 1372 1630; x_wconf 87' lang='lat' dir='ltr'>ipsam</span> <span class='ocrx_word' id='word_1_95' title='bbox 1430 1549 1662 1632; x_wconf 89' lang='lat' dir='ltr'>uirgini</span> <span class='ocrx_word' id='word_1_96' title='bbox 1708 1548 2126 1630; x_wconf 83' lang='lat' dir='ltr'>profuturam.</span> <span class='ocrx_word' id='word_1_97' title='bbox 2195 1548 2302 1611; x_wconf 89' lang='lat' dir='ltr'>sed</span> <span class='ocrx_word' id='word_1_98' title='bbox 2359 1547 2764 1613; x_wconf 88' lang='lat' dir='ltr'>blandiuntur</span> <span class='ocrx_word' id='word_1_99' title='bbox 2784 1555 2861 1619; x_wconf 86' lang='lat'>31</span> 
     </span>
     <span class='ocr_line' id='line_1_13' title="bbox 506 1651 2840 1733; baseline -0 -17"><span class='ocrx_word' id='word_1_100' title='bbox 506 1652 625 1723; x_wconf 89' lang='lat' dir='ltr'>sibi</span> <span class='ocrx_word' id='word_1_101' title='bbox 672 1652 929 1717; x_wconf 87' lang='lat' dir='ltr'>fortasse</span> <span class='ocrx_word' id='word_1_102' title='bbox 976 1652 1277 1733; x_wconf 87' lang='lat' dir='ltr'>quaedam</span> <span class='ocrx_word' id='word_1_103' title='bbox 1309 1655 1373 1715; x_wconf 89' lang='lat' dir='ltr'>et</span> <span class='ocrx_word' id='word_1_104' title='bbox 1403 1652 1685 1716; x_wconf 78' lang='lat' dir='ltr'>sufficere</span> <span class='ocrx_word' id='word_1_105' title='bbox 1718 1651 1840 1716; x_wconf 90' lang='lat' dir='ltr'>sibi</span> <span class='ocrx_word' id='word_1_106' title='bbox 1872 1651 2225 1728; x_wconf 88' lang='lat' dir='ltr'>aestimant,</span> <span class='ocrx_word' id='word_1_107' title='bbox 2271 1653 2343 1728; x_wconf 91' lang='lat' dir='ltr'>si,</span> <span class='ocrx_word' id='word_1_108' title='bbox 2391 1669 2531 1716; x_wconf 89' lang='lat' dir='ltr'>cum</span> <span class='ocrx_word' id='word_1_109' title='bbox 2560 1654 2763 1715; x_wconf 85' lang='lat' dir='ltr'>multa</span> <span class='ocrx_word' id='word_1_110' title='bbox 2829 1666 2840 1672; x_wconf 87' lang='lat'><strong>·</strong></span> 
     </span>
     <span class='ocr_line' id='line_1_14' title="bbox 503 1754 2763 1838; baseline -0.001 -19"><span class='ocrx_word' id='word_1_111' title='bbox 503 1757 573 1819; x_wconf 91' lang='lat' dir='ltr'>in</span> <span class='ocrx_word' id='word_1_112' title='bbox 633 1755 1041 1821; x_wconf 83' lang='lat' dir='ltr'>facultatibus</span> <span class='ocrx_word' id='word_1_113' title='bbox 1108 1755 1390 1836; x_wconf 88' lang='lat' dir='ltr'>habeant,</span> <span class='ocrx_word' id='word_1_114' title='bbox 1459 1757 1673 1820; x_wconf 86' lang='lat' dir='ltr'>saltim</span> <span class='ocrx_word' id='word_1_115' title='bbox 1742 1756 1960 1838; x_wconf 86' lang='lat' dir='ltr'>exigua</span> <span class='ocrx_word' id='word_1_116' title='bbox 2028 1754 2396 1837; x_wconf 86' lang='lat' dir='ltr'>largiantur.</span> <span class='ocrx_word' id='word_1_117' title='bbox 2481 1772 2591 1819; x_wconf 87' lang='lat' dir='ltr'>nec</span> <span class='ocrx_word' id='word_1_118' title='bbox 2653 1771 2763 1838; x_wconf 90' lang='lat' dir='ltr'>ego</span> 
     </span>
     <span class='ocr_line' id='line_1_15' title="bbox 509 1858 2765 1942; baseline 0.001 -20"><span class='ocrx_word' id='word_1_119' title='bbox 509 1859 729 1937; x_wconf 81' lang='lat' dir='ltr'>abnue,</span> <span class='ocrx_word' id='word_1_120' title='bbox 790 1862 880 1937; x_wconf 89' lang='lat' dir='ltr'>ut,</span> <span class='ocrx_word' id='word_1_121' title='bbox 941 1860 994 1923; x_wconf 88' lang='lat' dir='ltr'>si</span> <span class='ocrx_word' id='word_1_122' title='bbox 1052 1860 1144 1924; x_wconf 92' lang='lat' dir='ltr'>ita</span> <span class='ocrx_word' id='word_1_123' title='bbox 1198 1861 1357 1929; x_wconf 88' lang='lat' dir='ltr'>ratio</span> <span class='ocrx_word' id='word_1_124' title='bbox 1417 1861 1532 1937; x_wconf 90' lang='lat' dir='ltr'>est,</span> <span class='ocrx_word' id='word_1_125' title='bbox 1590 1861 1687 1925; x_wconf 88' lang='lat' dir='ltr'>ita</span> <span class='ocrx_word' id='word_1_126' title='bbox 1732 1877 1868 1923; x_wconf 90' lang='lat' dir='ltr'>esse</span> <span class='ocrx_word' id='word_1_127' title='bbox 1912 1859 2217 1925; x_wconf 89' lang='lat' dir='ltr'>credatur.</span> <span class='ocrx_word' id='word_1_128' title='bbox 2292 1876 2515 1941; x_wconf 89' lang='lat' dir='ltr'>parum</span> <span class='ocrx_word' id='word_1_129' title='bbox 2559 1858 2765 1942; x_wconf 87' lang='lat' dir='ltr'>detur,</span> 
     </span>
    </p>

    <p class='ocr_par' dir='ltr' id='par_1_5' title="bbox 440 1961 2870 2458">
     <span class='ocr_line' id='line_1_16' title="bbox 440 1961 2763 2045; baseline -0.001 -17"><span class='ocrx_word' id='word_1_130' title='bbox 440 1990 490 2031; x_wconf 84' lang='lat'>15</span> <span class='ocrx_word' id='word_1_131' title='bbox 507 1962 558 2025; x_wconf 90' lang='lat' dir='ltr'>si</span> <span class='ocrx_word' id='word_1_132' title='bbox 617 1981 836 2044; x_wconf 86' lang='lat' dir='ltr'>parum</span> <span class='ocrx_word' id='word_1_133' title='bbox 902 1964 1143 2029; x_wconf 89' lang='lat' dir='ltr'>dedisse</span> <span class='ocrx_word' id='word_1_134' title='bbox 1211 1963 1512 2028; x_wconf 86' lang='lat' dir='ltr'>sufficiet:</span> <span class='ocrx_word' id='word_1_135' title='bbox 1580 1966 1687 2029; x_wconf 86' lang='lat' dir='ltr'>sed</span> <span class='ocrx_word' id='word_1_136' title='bbox 1747 1981 1861 2045; x_wconf 91' lang='lat' dir='ltr'>ego</span> <span class='ocrx_word' id='word_1_137' title='bbox 1929 1961 2211 2027; x_wconf 88' lang='lat' dir='ltr'>sufficere</span> <span class='ocrx_word' id='word_1_138' title='bbox 2268 1980 2486 2043; x_wconf 86' lang='lat' dir='ltr'>parum</span> <span class='ocrx_word' id='word_1_139' title='bbox 2541 1962 2763 2039; x_wconf 87' lang='lat' dir='ltr'>nesci0,</span> 
     </span>
     <span class='ocr_line' id='line_1_17' title="bbox 509 2065 2763 2149; baseline 0.001 -21"><span class='ocrx_word' id='word_1_140' title='bbox 509 2065 702 2131; x_wconf 92' lang='lat' dir='ltr'>immo</span> <span class='ocrx_word' id='word_1_141' title='bbox 754 2085 976 2149; x_wconf 88' lang='lat' dir='ltr'>parum</span> <span class='ocrx_word' id='word_1_142' title='bbox 1033 2085 1159 2131; x_wconf 92' lang='lat' dir='ltr'>non</span> <span class='ocrx_word' id='word_1_143' title='bbox 1216 2067 1496 2131; x_wconf 82' lang='lat' dir='ltr'>sufficere</span> <span class='ocrx_word' id='word_1_144' title='bbox 1543 2069 1714 2132; x_wconf 88' lang='lat' dir='ltr'>certo</span> <span class='ocrx_word' id='word_1_145' title='bbox 1770 2069 1917 2132; x_wconf 90' lang='lat' dir='ltr'>sci0.</span> <span class='ocrx_word' id='word_1_146' title='bbox 1993 2066 2049 2130; x_wconf 90' lang='lat' dir='ltr'>si</span> <span class='ocrx_word' id='word_1_147' title='bbox 2096 2067 2263 2131; x_wconf 85' lang='lat' dir='ltr'>aliud</span> <span class='ocrx_word' id='word_1_148' title='bbox 2322 2068 2494 2146; x_wconf 86' lang='lat' dir='ltr'>ipsae</span> <span class='ocrx_word' id='word_1_149' title='bbox 2538 2067 2763 2144; x_wconf 85' lang='lat' dir='ltr'>sciunt,</span> 
     </span>
     <span class='ocr_line' id='line_1_18' title="bbox 511 2169 2762 2252; baseline 0.001 -20"><span class='ocrx_word' id='word_1_150' title='bbox 511 2170 675 2249; x_wconf 84' lang='lat' dir='ltr'>apud</span> <span class='ocrx_word' id='word_1_151' title='bbox 721 2189 783 2234; x_wconf 88' lang='lat' dir='ltr'>se</span> <span class='ocrx_word' id='word_1_152' title='bbox 829 2171 992 2251; x_wconf 88' lang='lat' dir='ltr'>ipsas</span> <span class='ocrx_word' id='word_1_153' title='bbox 1038 2171 1270 2239; x_wconf 87' lang='lat' dir='ltr'>sciant:</span> <span class='ocrx_word' id='word_1_154' title='bbox 1318 2187 1429 2252; x_wconf 90' lang='lat' dir='ltr'>ego</span> <span class='ocrx_word' id='word_1_155' title='bbox 1476 2190 1668 2235; x_wconf 92' lang='lat' dir='ltr'>unum</span> <span class='ocrx_word' id='word_1_156' title='bbox 1700 2171 1843 2250; x_wconf 89' lang='lat' dir='ltr'>scio,</span> <span class='ocrx_word' id='word_1_157' title='bbox 1894 2170 2056 2251; x_wconf 86' lang='lat' dir='ltr'>quod</span> <span class='ocrx_word' id='word_1_158' title='bbox 2091 2170 2241 2234; x_wconf 89' lang='lat' dir='ltr'>deus</span> <span class='ocrx_word' id='word_1_159' title='bbox 2272 2169 2424 2234; x_wconf 90' lang='lat' dir='ltr'>dicit</span> <span class='ocrx_word' id='word_1_160' title='bbox 2455 2171 2762 2234; x_wconf 88' lang='lat' dir='ltr'>extinctas</span> 
     </span>
     <span class='ocr_line' id='line_1_19' title="bbox 510 2271 2766 2356; baseline 0.003 -23"><span class='ocrx_word' id='word_1_161' title='bbox 510 2271 826 2341; x_wconf 80' lang='lat' dir='ltr'>fatuarum</span> <span class='ocrx_word' id='word_1_162' title='bbox 896 2273 1212 2356; x_wconf 87' lang='lat' dir='ltr'>uirginum</span> <span class='ocrx_word' id='word_1_163' title='bbox 1274 2275 1617 2353; x_wconf 76' lang='lat' dir='ltr'>lampadaS,</span> <span class='ocrx_word' id='word_1_164' title='bbox 1687 2291 1943 2354; x_wconf 87' lang='lat' dir='ltr'>operum</span> <span class='ocrx_word' id='word_1_165' title='bbox 2010 2273 2311 2336; x_wconf 86' lang='lat' dir='ltr'>bonorum</span> <span class='ocrx_word' id='word_1_166' title='bbox 2378 2273 2582 2335; x_wconf 90' lang='lat' dir='ltr'>oleum</span> <span class='ocrx_word' id='word_1_167' title='bbox 2643 2293 2766 2339; x_wconf 91' lang='lat' dir='ltr'>non</span> 
     </span>
     <span class='ocr_line' id='line_1_20' title="bbox 510 2375 2870 2458; baseline 0.001 -21"><span class='ocrx_word' id='word_1_168' title='bbox 510 2375 826 2440; x_wconf 83' lang='lat' dir='ltr'>habentes.</span> <span class='ocrx_word' id='word_1_169' title='bbox 902 2376 1012 2441; x_wconf 90' lang='lat' dir='ltr'>sed</span> <span class='ocrx_word' id='word_1_170' title='bbox 1069 2378 1162 2454; x_wconf 89' lang='lat' dir='ltr'>tu,</span> <span class='ocrx_word' id='word_1_171' title='bbox 1234 2394 1658 2458; x_wconf 89' lang='lat' dir='ltr'>quaecumque</span> <span class='ocrx_word' id='word_1_172' title='bbox 1713 2394 1799 2453; x_wconf 86' lang='lat' dir='ltr'>es,</span> <span class='ocrx_word' id='word_1_173' title='bbox 1867 2375 2098 2440; x_wconf 85' lang='lat' dir='ltr'>habere</span> <span class='ocrx_word' id='word_1_174' title='bbox 2154 2376 2218 2439; x_wconf 89' lang='lat' dir='ltr'>te</span> <span class='ocrx_word' id='word_1_175' title='bbox 2273 2376 2479 2439; x_wconf 92' lang='lat' dir='ltr'>oleum</span> <span class='ocrx_word' id='word_1_176' title='bbox 2526 2379 2765 2442; x_wconf 87' lang='lat' dir='ltr'>abunde</span> <span class='ocrx_word' id='word_1_177' title='bbox 2787 2390 2870 2454; x_wconf 80' lang='lat'>32</span> 
     </span>
    </p>

    <p class='ocr_par' dir='ltr' id='par_1_6' title="bbox 440 2478 2770 2977">
     <span class='ocr_line' id='line_1_21' title="bbox 440 2478 2767 2562; baseline -0.001 -14"><span class='ocrx_word' id='word_1_178' title='bbox 440 2480 740 2562; x_wconf 74' lang='lat' dir='ltr'>mputas?</span> <span class='ocrx_word' id='word_1_179' title='bbox 810 2481 871 2544; x_wconf 94' lang='lat' dir='ltr'>et</span> <span class='ocrx_word' id='word_1_180' title='bbox 927 2480 1072 2544; x_wconf 89' lang='lat' dir='ltr'>illae</span> <span class='ocrx_word' id='word_1_181' title='bbox 1128 2480 1417 2561; x_wconf 83' lang='lat' dir='ltr'>profect0,</span> <span class='ocrx_word' id='word_1_182' title='bbox 1477 2480 1551 2544; x_wconf 87' lang='lat' dir='ltr'>de</span> <span class='ocrx_word' id='word_1_183' title='bbox 1596 2478 1828 2559; x_wconf 50' lang='lat' dir='ltr'>¹quibus</span> <span class='ocrx_word' id='word_1_184' title='bbox 1874 2479 2018 2553; x_wconf 82' lang='lat' dir='ltr'>dixi,</span> <span class='ocrx_word' id='word_1_185' title='bbox 2080 2480 2310 2543; x_wconf 85' lang='lat' dir='ltr'>stultae</span> <span class='ocrx_word' id='word_1_186' title='bbox 2356 2480 2631 2562; x_wconf 78' lang='lat' dir='ltr'>uirgines</span> <span class='ocrx_word' id='word_1_187' title='bbox 2678 2480 2767 2546; x_wconf 89' lang='lat' dir='ltr'>sic</span> 
     </span>
     <span class='ocr_line' id='line_1_22' title="bbox 510 2583 2769 2665; baseline -0.001 -15"><span class='ocrx_word' id='word_1_188' title='bbox 510 2584 845 2665; x_wconf 82' lang='lat' dir='ltr'>putabant:</span> <span class='ocrx_word' id='word_1_189' title='bbox 913 2586 1031 2648; x_wconf 90' lang='lat' dir='ltr'>nisi</span> <span class='ocrx_word' id='word_1_190' title='bbox 1096 2584 1261 2648; x_wconf 88' lang='lat' dir='ltr'>enim</span> <span class='ocrx_word' id='word_1_191' title='bbox 1327 2584 1555 2652; x_wconf 86' lang='lat' dir='ltr'>habere</span> <span class='ocrx_word' id='word_1_192' title='bbox 1621 2601 1714 2647; x_wconf 90' lang='lat' dir='ltr'>se·</span> <span class='ocrx_word' id='word_1_193' title='bbox 1750 2583 2176 2663; x_wconf 87' lang='lat' dir='ltr'>credidissent,</span> <span class='ocrx_word' id='word_1_194' title='bbox 2239 2583 2640 2663; x_wconf 88' lang='lat' dir='ltr'>prouiderant</span> <span class='ocrx_word' id='word_1_195' title='bbox 2695 2586 2769 2648; x_wconf 87' lang='lat' dir='ltr'>ut</span> 
     </span>
     <span class='ocr_line' id='line_1_23' title="bbox 511 2686 2770 2770; baseline -0.001 -16"><span class='ocrx_word' id='word_1_196' title='bbox 511 2687 828 2754; x_wconf 89' lang='lat' dir='ltr'>haberent.</span> <span class='ocrx_word' id='word_1_197' title='bbox 897 2706 1044 2752; x_wconf 86' lang='lat' dir='ltr'>nam</span> <span class='ocrx_word' id='word_1_198' title='bbox 1104 2705 1244 2752; x_wconf 89' lang='lat' dir='ltr'>cum</span> <span class='ocrx_word' id='word_1_199' title='bbox 1303 2687 1535 2770; x_wconf 86' lang='lat' dir='ltr'>postea,</span> <span class='ocrx_word' id='word_1_200' title='bbox 1607 2690 1678 2753; x_wconf 92' lang='lat' dir='ltr'>ut</span> <span class='ocrx_word' id='word_1_201' title='bbox 1736 2686 1827 2750; x_wconf 88' lang='lat' dir='ltr'>ait</span> <span class='ocrx_word' id='word_1_202' title='bbox 1872 2688 2183 2768; x_wconf 86' lang='lat' dir='ltr'>dominus,</span> <span class='ocrx_word' id='word_1_203' title='bbox 2244 2688 2522 2751; x_wconf 90' lang='lat' dir='ltr'>mutuari</span> <span class='ocrx_word' id='word_1_204' title='bbox 2566 2688 2770 2753; x_wconf 89' lang='lat' dir='ltr'>uelint</span> 
     </span>
     <span class='ocr_line' id='line_1_24' title="bbox 513 2790 2770 2873; baseline 0.001 -20"><span class='ocrx_word' id='word_1_205' title='bbox 513 2793 575 2853; x_wconf 90' lang='lat' dir='ltr'>et</span> <span class='ocrx_word' id='word_1_206' title='bbox 621 2790 790 2854; x_wconf 91' lang='lat' dir='ltr'>omni</span> <span class='ocrx_word' id='word_1_207' title='bbox 835 2790 1040 2857; x_wconf 89' lang='lat' dir='ltr'>studio</span> <span class='ocrx_word' id='word_1_208' title='bbox 1071 2791 1258 2873; x_wconf 89' lang='lat' dir='ltr'>atque</span> <span class='ocrx_word' id='word_1_209' title='bbox 1289 2790 1628 2857; x_wconf 88' lang='lat' dir='ltr'>ambitione</span> <span class='ocrx_word' id='word_1_210' title='bbox 1652 2791 2046 2873; x_wconf 83' lang='lat' dir='ltr'>perquirant,</span> <span class='ocrx_word' id='word_1_211' title='bbox 2093 2792 2323 2872; x_wconf 82' lang='lat' dir='ltr'>absque</span> <span class='ocrx_word' id='word_1_212' title='bbox 2359 2790 2546 2855; x_wconf 91' lang='lat' dir='ltr'>dubio</span> <span class='ocrx_word' id='word_1_213' title='bbox 2578 2792 2770 2856; x_wconf 85' lang='lat' dir='ltr'>etiam</span> 
     </span>
     <span class='ocr_line' id='line_1_25' title="bbox 513 2894 2770 2977; baseline 0 -19"><span class='ocrx_word' id='word_1_214' title='bbox 513 2895 656 2959; x_wconf 85' lang='lat' dir='ltr'>ante</span> <span class='ocrx_word' id='word_1_215' title='bbox 725 2895 1127 2976; x_wconf 86' lang='lat' dir='ltr'>quaesissent,</span> <span class='ocrx_word' id='word_1_216' title='bbox 1197 2898 1318 2961; x_wconf 89' lang='lat' dir='ltr'>nisi</span> <span class='ocrx_word' id='word_1_217' title='bbox 1385 2916 1484 2962; x_wconf 88' lang='lat' dir='ltr'>eas</span> <span class='ocrx_word' id='word_1_218' title='bbox 1551 2896 1820 2962; x_wconf 87' lang='lat' dir='ltr'>habendi</span> <span class='ocrx_word' id='word_1_219' title='bbox 1875 2894 2102 2959; x_wconf 85' lang='lat' dir='ltr'>fiducia</span> <span class='ocrx_word' id='word_1_220' title='bbox 2157 2894 2521 2977; x_wconf 84' lang='lat' dir='ltr'>decepisset.</span> <span class='ocrx_word' id='word_1_221' title='bbox 2593 2897 2668 2959; x_wconf 88' lang='lat' dir='ltr'>et.</span> <span class='ocrx_word' id='word_1_222' title='bbox 2699 2898 2770 2960; x_wconf 86' lang='lat' dir='ltr'>tu</span> 
     </span>
    </p>

    <p class='ocr_par' dir='ltr' id='par_1_7' title="bbox 446 2998 2873 3496">
     <span class='ocr_line' id='line_1_26' title="bbox 446 2998 2771 3085; baseline 0 -22"><span class='ocrx_word' id='word_1_223' title='bbox 446 3024 498 3066; x_wconf 77' lang='lat'>25</span> <span class='ocrx_word' id='word_1_224' title='bbox 513 2998 743 3080; x_wconf 88' lang='lat' dir='ltr'>itaque,</span> <span class='ocrx_word' id='word_1_225' title='bbox 815 3017 1237 3080; x_wconf 85' lang='lat' dir='ltr'>quaecumque</span> <span class='ocrx_word' id='word_1_226' title='bbox 1294 3001 1470 3085; x_wconf 67' lang='lat' dir='ltr'>uiisgo</span> <span class='ocrx_word' id='word_1_227' title='bbox 1527 3019 1610 3076; x_wconf 88' lang='lat' dir='ltr'>es,</span> <span class='ocrx_word' id='word_1_228' title='bbox 1679 3000 1828 3065; x_wconf 84' lang='lat' dir='ltr'>uide</span> <span class='ocrx_word' id='word_1_229' title='bbox 1865 2999 2080 3063; x_wconf 81' lang='lat' dir='ltr'>nesio</span> <span class='ocrx_word' id='word_1_230' title='bbox 2125 3016 2247 3062; x_wconf 92' lang='lat' dir='ltr'>non</span> <span class='ocrx_word' id='word_1_231' title='bbox 2300 2998 2551 3077; x_wconf 79' lang='lat' dir='ltr'>habeaS,</span> <span class='ocrx_word' id='word_1_232' title='bbox 2623 2998 2771 3063; x_wconf 84' lang='lat' dir='ltr'>licet</span> 
     </span>
     <span class='ocr_line' id='line_1_27' title="bbox 514 3100 2773 3179; baseline -0.002 -9"><span class='ocrx_word' id='word_1_233' title='bbox 514 3100 741 3170; x_wconf 84' lang='lat' dir='ltr'>habere</span> <span class='ocrx_word' id='word_1_234' title='bbox 787 3105 851 3167; x_wconf 87' lang='lat' dir='ltr'>te</span> <span class='ocrx_word' id='word_1_235' title='bbox 899 3103 1144 3168; x_wconf 81' lang='lat' dir='ltr'>credas:</span> <span class='ocrx_word' id='word_1_236' title='bbox 1199 3104 1476 3168; x_wconf 89' lang='lat' dir='ltr'>eiusdem</span> <span class='ocrx_word' id='word_1_237' title='bbox 1523 3102 1692 3167; x_wconf 89' lang='lat' dir='ltr'>enim</span> <span class='ocrx_word' id='word_1_238' title='bbox 1740 3102 2009 3166; x_wconf 87' lang='lat' dir='ltr'>nominis</span> <span class='ocrx_word' id='word_1_239' title='bbox 2058 3101 2232 3166; x_wconf 85' lang='lat' dir='ltr'>cuius</span> <span class='ocrx_word' id='word_1_240' title='bbox 2275 3101 2444 3179; x_wconf 78' lang='lat' dir='ltr'>illae,</span> <span class='ocrx_word' id='word_1_241' title='bbox 2493 3102 2773 3166; x_wconf 89' lang='lat' dir='ltr'>eiusdem</span> 
     </span>
     <span class='ocr_line' id='line_1_28' title="bbox 514 3203 2873 3289; baseline 0.002 -23"><span class='ocrx_word' id='word_1_242' title='bbox 514 3203 914 3284; x_wconf 84' lang='lat' dir='ltr'>professionis</span> <span class='ocrx_word' id='word_1_243' title='bbox 961 3225 1047 3272; x_wconf 76' lang='lat' dir='ltr'>es,</span> <span class='ocrx_word' id='word_1_244' title='bbox 1120 3209 1209 3272; x_wconf 80' lang='lat' dir='ltr'>tu]</span> <span class='ocrx_word' id='word_1_245' title='bbox 1237 3206 1421 3289; x_wconf 89' lang='lat' dir='ltr'>uirgo</span> <span class='ocrx_word' id='word_1_246' title='bbox 1454 3225 1526 3270; x_wconf 88' lang='lat' dir='ltr'>-es</span> <span class='ocrx_word' id='word_1_247' title='bbox 1576 3208 1637 3270; x_wconf 91' lang='lat' dir='ltr'>et</span> <span class='ocrx_word' id='word_1_248' title='bbox 1682 3205 1828 3270; x_wconf 88' lang='lat' dir='ltr'>illae</span> <span class='ocrx_word' id='word_1_249' title='bbox 1879 3206 2144 3288; x_wconf 86' lang='lat' dir='ltr'>uirgines</span> <span class='ocrx_word' id='word_1_250' title='bbox 2185 3207 2416 3269; x_wconf 77' lang='lat' dir='ltr'>erant:</span> <span class='ocrx_word' id='word_1_251' title='bbox 2473 3208 2545 3269; x_wconf 89' lang='lat' dir='ltr'>tu</span> <span class='ocrx_word' id='word_1_252' title='bbox 2590 3224 2770 3287; x_wconf 85' lang='lat' dir='ltr'>prae·</span> <span class='ocrx_word' id='word_1_253' title='bbox 2791 3211 2873 3278; x_wconf 87' lang='lat'>33</span> 
     </span>
     <span class='ocr_line' id='line_1_29' title="bbox 517 3307 2771 3393; baseline 0 -22"><span class='ocrx_word' id='word_1_254' title='bbox 517 3312 709 3374; x_wconf 86' lang='lat' dir='ltr'>sumis</span> <span class='ocrx_word' id='word_1_255' title='bbox 756 3313 818 3374; x_wconf 87' lang='lat' dir='ltr'>te</span> <span class='ocrx_word' id='word_1_256' title='bbox 867 3328 1022 3374; x_wconf 87' lang='grc'><strong>6886</strong></span> <span class='ocrx_word' id='word_1_257' title='bbox 1055 3312 1404 3393; x_wconf 89' lang='lat' dir='ltr'>sapientem</span> <span class='ocrx_word' id='word_1_258' title='bbox 1447 3314 1508 3374; x_wconf 88' lang='lat' dir='ltr'>et</span> <span class='ocrx_word' id='word_1_259' title='bbox 1546 3309 1700 3375; x_wconf 85' lang='lat' dir='ltr'>illae</span> <span class='ocrx_word' id='word_1_260' title='bbox 1747 3309 2063 3373; x_wconf 72' lang='lat' dir='ltr'>sefatu&#39;as</span> <span class='ocrx_word' id='word_1_261' title='bbox 2109 3326 2232 3373; x_wconf 91' lang='lat' dir='ltr'>non</span> <span class='ocrx_word' id='word_1_262' title='bbox 2289 3307 2630 3391; x_wconf 80' lang='lat' dir='ltr'>putabant:</span> <span class='ocrx_word' id='word_1_263' title='bbox 2701 3313 2771 3372; x_wconf 89' lang='lat' dir='ltr'>tu</span> 
     </span>
     <span class='ocr_line' id='line_1_30' title="bbox 517 3411 2772 3496; baseline 0.001 -21"><span class='ocrx_word' id='word_1_264' title='bbox 517 3411 728 3477; x_wconf 88' lang='lat' dir='ltr'>lumen</span> <span class='ocrx_word' id='word_1_265' title='bbox 772 3412 999 3477; x_wconf 89' lang='lat' dir='ltr'>habere</span> <span class='ocrx_word' id='word_1_266' title='bbox 1044 3414 1402 3496; x_wconf 91' lang='lat' dir='ltr'>lampadam</span> <span class='ocrx_word' id='word_1_267' title='bbox 1447 3419 1620 3480; x_wconf 90' lang='lat' dir='ltr'>tuam</span> <span class='ocrx_word' id='word_1_268' title='bbox 1666 3416 1904 3479; x_wconf 89' lang='lat' dir='ltr'>iudicas</span> <span class='ocrx_word' id='word_1_269' title='bbox 1942 3421 2003 3477; x_wconf 87' lang='lat' dir='ltr'>et</span> <span class='ocrx_word' id='word_1_270' title='bbox 2048 3414 2196 3477; x_wconf 89' lang='lat' dir='ltr'>illae</span> <span class='ocrx_word' id='word_1_271' title='bbox 2240 3412 2516 3493; x_wconf 78' lang='lat' dir='ltr'>profecto</span> <span class='ocrx_word' id='word_1_272' title='bbox 2559 3414 2772 3477; x_wconf 89' lang='lat' dir='ltr'>lumen</span> 
     </span>
    </p>

    <p class='ocr_par' dir='ltr' id='par_1_8' title="bbox 448 3515 2772 3703">
     <span class='ocr_line' id='line_1_31' title="bbox 448 3515 2772 3598; baseline 0.001 -21"><span class='ocrx_word' id='word_1_273' title='bbox 448 3518 1018 3598; x_wconf 75' lang='lat' dir='ltr'>sopraesumptione</span> <span class='ocrx_word' id='word_1_274' title='bbox 1076 3519 1274 3582; x_wconf 86' lang='lat' dir='ltr'>futuri</span> <span class='ocrx_word' id='word_1_275' title='bbox 1331 3518 1586 3582; x_wconf 89' lang='lat' dir='ltr'>luminis</span> <span class='ocrx_word' id='word_1_276' title='bbox 1643 3517 2063 3598; x_wconf 88' lang='lat' dir='ltr'>perdiderunt.</span> <span class='ocrx_word' id='word_1_277' title='bbox 2141 3533 2285 3580; x_wconf 90' lang='lat' dir='ltr'>nam</span> <span class='ocrx_word' id='word_1_278' title='bbox 2332 3518 2394 3578; x_wconf 90' lang='lat' dir='ltr'>et</span> <span class='ocrx_word' id='word_1_279' title='bbox 2437 3515 2572 3579; x_wconf 89' lang='lat' dir='ltr'>ideo</span> <span class='ocrx_word' id='word_1_280' title='bbox 2616 3516 2772 3579; x_wconf 86' lang='lat' dir='ltr'>scri-</span> 
     </span>
     <span class='ocr_line' id='line_1_32' title="bbox 519 3618 2771 3703; baseline 0 -22"><span class='ocrx_word' id='word_1_281' title='bbox 519 3618 754 3683; x_wconf 85' lang='lat' dir='ltr'>buntur</span> <span class='ocrx_word' id='word_1_282' title='bbox 799 3621 1043 3703; x_wconf 88' lang='lat' dir='ltr'>aptasse</span> <span class='ocrx_word' id='word_1_283' title='bbox 1089 3620 1412 3703; x_wconf 84' lang='lat' dir='ltr'>lampadas</span> <span class='ocrx_word' id='word_1_284' title='bbox 1461 3638 1622 3698; x_wconf 87' lang='lat' dir='ltr'>suas,</span> <span class='ocrx_word' id='word_1_285' title='bbox 1685 3621 1830 3701; x_wconf 88' lang='lat' dir='ltr'>quia</span> <span class='ocrx_word' id='word_1_286' title='bbox 1884 3618 2342 3683; x_wconf 88' lang='lat' dir='ltr'>inluminandas</span> <span class='ocrx_word' id='word_1_287' title='bbox 2388 3635 2519 3681; x_wconf 88' lang='lat' dir='ltr'>esse</span> <span class='ocrx_word' id='word_1_288' title='bbox 2564 3618 2771 3682; x_wconf 90' lang='lat' dir='ltr'>crede-</span> 
     </span>
    </p>
   </div>
   <div class='ocr_carea' id='block_1_4' title="bbox 608 3771 1105 3878">
    <p class='ocr_par' dir='ltr' id='par_1_9' title="bbox 608 3771 1105 3878">
     <span class='ocr_line' id='line_1_33' title="bbox 608 3771 1105 3878; baseline 0.002 -19"><span class='ocrx_word' id='word_1_289' title='bbox 608 3771 611 3772; x_wconf 36' lang='lat'><em>⁷</em></span> <span class='ocrx_word' id='word_1_290' title='bbox 721 3808 755 3860; x_wconf 88' lang='lat'>5</span> <span class='ocrx_word' id='word_1_291' title='bbox 799 3806 998 3861; x_wconf 71' lang='lat' dir='ltr'>Matth.</span> <span class='ocrx_word' id='word_1_292' title='bbox 1035 3807 1105 3878; x_wconf 77' lang='lat'>25</span> 
     </span>
    </p>
   </div>
   <div class='ocr_carea' id='block_1_5' title="bbox 519 3974 2772 4303">
    <p class='ocr_par' dir='ltr' id='par_1_10' title="bbox 519 3974 2772 4303">
     <span class='ocr_line' id='line_1_34' title="bbox 621 3974 2635 4046; baseline -0 -16"><span class='ocrx_word' id='word_1_293' title='bbox 621 3977 655 4030; x_wconf 88' lang='lat'><strong>3</strong></span> <span class='ocrx_word' id='word_1_294' title='bbox 682 3981 811 4046; x_wconf 76' lang='lat' dir='ltr'>post</span> <span class='ocrx_word' id='word_1_295' title='bbox 845 3976 1121 4046; x_wconf 83' lang='lat' dir='ltr'>inscripsit</span> <span class='ocrx_word' id='word_1_296' title='bbox 1162 3974 1288 4030; x_wconf 80' lang='lat' dir='ltr'>add.</span> <span class='ocrx_word' id='word_1_297' title='bbox 1326 3992 1397 4029; x_wconf 87' lang='lat' dir='ltr'>m.</span> <span class='ocrx_word' id='word_1_298' title='bbox 1436 3979 1477 4031; x_wconf 79' lang='lat'><strong><em>2</em></strong></span> <span class='ocrx_word' id='word_1_299' title='bbox 1513 3992 1568 4045; x_wconf 84' lang='lat' dir='ltr'>q&lt;</span> <span class='ocrx_word' id='word_1_300' title='bbox 1614 3979 1703 4042; x_wconf 90' lang='lat'>(=</span> <span class='ocrx_word' id='word_1_301' title='bbox 1736 3976 1880 4046; x_wconf 86' lang='lat' dir='ltr'>quia)</span> <span class='ocrx_word' id='word_1_302' title='bbox 1919 3978 2000 4042; x_wconf 87' lang='lat' dir='ltr'>A;</span> <span class='ocrx_word' id='word_1_303' title='bbox 2045 3975 2177 4040; x_wconf 75' lang='lat' dir='ltr'>fort.</span> <span class='ocrx_word' id='word_1_304' title='bbox 2212 3975 2372 4029; x_wconf 78' lang='lat' dir='ltr'>scrib.</span> <span class='ocrx_word' id='word_1_305' title='bbox 2409 3977 2458 4030; x_wconf 88' lang='lat' dir='ltr'>ei</span> <span class='ocrx_word' id='word_1_306' title='bbox 2491 3976 2635 4038; x_wconf 84' lang='lat' dir='ltr'>enim</span> 
     </span>
     <span class='ocr_line' id='line_1_35' title="bbox 520 4061 2772 4132; baseline 0.002 -17"><span class='ocrx_word' id='word_1_307' title='bbox 520 4062 674 4131; x_wconf 89' lang='lat' dir='ltr'>eique</span> <span class='ocrx_word' id='word_1_308' title='bbox 720 4062 803 4117; x_wconf 80' lang='lat' dir='ltr'>ed.</span> <span class='ocrx_word' id='word_1_309' title='bbox 838 4061 1118 4118; x_wconf 76' lang='lat' dir='ltr'>Baluzius</span> <span class='ocrx_word' id='word_1_310' title='bbox 1321 4062 1356 4115; x_wconf 88' lang='lat'>8</span> <span class='ocrx_word' id='word_1_311' title='bbox 1400 4062 1496 4132; x_wconf 84' lang='lat' dir='ltr'>sit]</span> <span class='ocrx_word' id='word_1_312' title='bbox 1543 4062 1646 4117; x_wconf 89' lang='lat' dir='ltr'>scit</span> <span class='ocrx_word' id='word_1_313' title='bbox 1693 4061 1776 4116; x_wconf 81' lang='lat' dir='ltr'>ed.</span> <span class='ocrx_word' id='word_1_314' title='bbox 1813 4061 2082 4116; x_wconf 76' lang='lat' dir='ltr'>Baluzius</span> <span class='ocrx_word' id='word_1_315' title='bbox 2285 4061 2356 4130; x_wconf 77' lang='grc'>18</span> <span class='ocrx_word' id='word_1_316' title='bbox 2399 4064 2669 4132; x_wconf 85' lang='lat' dir='ltr'>lampades</span> <span class='ocrx_word' id='word_1_317' title='bbox 2704 4081 2772 4120; x_wconf 80' lang='lat' dir='ltr'>cx</span> 
     </span>
     <span class='ocr_line' id='line_1_36' title="bbox 520 4134 2771 4218; baseline 0.001 -17"><span class='ocrx_word' id='word_1_318' title='bbox 520 4134 795 4217; x_wconf 86' lang='lat' dir='ltr'>lampadas</span> <span class='ocrx_word' id='word_1_319' title='bbox 831 4164 966 4203; x_wconf 69' lang='lat' dir='ltr'>corr.</span> <span class='ocrx_word' id='word_1_320' title='bbox 1004 4164 1074 4203; x_wconf 86' lang='lat' dir='ltr'>m.</span> <span class='ocrx_word' id='word_1_321' title='bbox 1109 4150 1150 4201; x_wconf 81' lang='lat'><strong><em>2</em></strong></span> <span class='ocrx_word' id='word_1_322' title='bbox 1185 4150 1239 4202; x_wconf 98' lang='lat' dir='ltr'><strong><em>A</em></strong></span> <span class='ocrx_word' id='word_1_323' title='bbox 1437 4148 1508 4201; x_wconf 82' lang='lat'>24</span> <span class='ocrx_word' id='word_1_324' title='bbox 1540 4147 1819 4217; x_wconf 79' lang='lat' dir='ltr'>decipies&amp;</span> <span class='ocrx_word' id='word_1_325' title='bbox 1851 4150 1906 4201; x_wconf 95' lang='lat' dir='ltr'><strong><em>A</em></strong></span> <span class='ocrx_word' id='word_1_326' title='bbox 1991 4203 1996 4210; x_wconf 65' lang='grc'><em>,</em></span> <span class='ocrx_word' id='word_1_327' title='bbox 2096 4148 2163 4201; x_wconf 81' lang='lat'>29</span> <span class='ocrx_word' id='word_1_328' title='bbox 2198 4148 2497 4218; x_wconf 83' lang='lat' dir='ltr'>lampadem</span> <span class='ocrx_word' id='word_1_329' title='bbox 2532 4164 2600 4204; x_wconf 76' lang='lat' dir='ltr'>ex</span> <span class='ocrx_word' id='word_1_330' title='bbox 2634 4150 2771 4204; x_wconf 89' lang='lat' dir='ltr'>lam-</span> 
     </span>
     <span class='ocr_line' id='line_1_37' title="bbox 519 4233 1827 4303; baseline 0 -16"><span class='ocrx_word' id='word_1_331' title='bbox 519 4234 711 4303; x_wconf 86' lang='lat' dir='ltr'>padam</span> <span class='ocrx_word' id='word_1_332' title='bbox 749 4251 889 4290; x_wconf 82' lang='lat' dir='ltr'>corr.</span> <span class='ocrx_word' id='word_1_333' title='bbox 927 4252 992 4288; x_wconf 88' lang='lat' dir='ltr'>m.</span> <span class='ocrx_word' id='word_1_334' title='bbox 1030 4238 1064 4288; x_wconf 83' lang='lat'><strong><em>2</em></strong></span> <span class='ocrx_word' id='word_1_335' title='bbox 1099 4236 1151 4286; x_wconf 93' lang='lat' dir='ltr'><strong><em>A</em></strong></span> <span class='ocrx_word' id='word_1_336' title='bbox 1358 4235 1422 4287; x_wconf 87' lang='grc'>31</span> <span class='ocrx_word' id='word_1_337' title='bbox 1463 4233 1735 4303; x_wconf 87' lang='lat' dir='ltr'>lampades</span> <span class='ocrx_word' id='word_1_338' title='bbox 1770 4234 1827 4288; x_wconf 88' lang='lat' dir='ltr'><em>B</em></span> 
     </span>
    </p>
   </div>
  </div>
 </body>
</html>
