3380 4919
917 1059 1508 1172 SALVIANI
1592 1059 2277 1172 EPISTOLAE.

1312 1331 1772 1415 EPISTOLA
1822 1331 1876 1414 1.

558 1519 608 1585 Ο
639 1522 852 1599 Amor,
901 1521 1051 1604 quid
1090 1523 1152 1586 te
1182 1523 1491 1605 appellem
1522 1522 1748 1603 nescio,
1799 1524 2025 1587 bonum
2057 1539 2137 1585 an
2170 1521 2424 1604 malum,
2473 1522 2721 1589 dulcem
2744 1521 2776 1585 1

471 1643 551 1690 an
596 1643 904 1708 asperum,
951 1645 1205 1690 suauem
1236 1645 1315 1691 an
1360 1626 1801 1691 iniucundum:
1849 1625 1943 1689 ita
1980 1625 2144 1691 enim
2193 1628 2455 1708 utroque
2501 1627 2721 1708 plenus

473 1747 558 1810 ee,
604 1731 676 1791 ut
721 1733 1054 1809 utrumque
1086 1746 1213 1794 esse
1259 1729 1544 1794 uideatis
1608 1729 1808 1794 amari
1836 1747 1873 1793 a
1902 1727 2080 1793 nobis
2112 1729 2355 1793 nostros
2388 1727 2724 1795 honestum

430 1836 584 1910 sest,
630 1832 793 1896 laedi
839 1831 1156 1896 acerbum.
1203 1834 1266 1896 et
1310 1832 1521 1897 tamen
1566 1831 1682 1897 hoc
1729 1831 2004 1913 eiusdem
2037 1833 2135 1896 est
2164 1831 2483 1897 interdum
2528 1832 2723 1899 animi

471 1936 868 2017 eiusdemque
914 1935 1198 2018 pietatis:
1248 1952 1390 1999 cum
1435 1933 1639 2018 specie
1682 1935 2035 2014 dissentiat,
2082 1937 2320 2002 ratione
2366 1937 2723 2015 concordat,
2759 1974 2764 1979 ·

469 2057 643 2107 amor
704 2038 929 2122 quippe
987 2057 1107 2125 nos,
1156 2037 1308 2104 facit
1370 2040 1610 2104 nostros
1672 2057 1915 2121 amare,
1979 2057 2153 2103 amor
2195 2039 2513 2105 interdum
2558 2038 2725 2124 cogit

392 2222 405 2236 α
473 2140 795 2206 offendere.
881 2142 1214 2222 utrumque
1289 2161 1481 2206 unum
1547 2143 1674 2220 est,
1753 2161 1893 2206 cum
1969 2145 2177 2207 tamen
2249 2141 2426 2219 >aliud
2496 2144 2723 2206 amoris

471 2243 700 2309 habeat
756 2245 1052 2327 gratiam,
1115 2243 1287 2309 aliud
1349 2244 1474 2309 odii
1520 2245 1811 2329 ‚patiatur
1872 2244 2187 2308 offensam.
2264 2262 2454 2326 quam
2509 2246 2783 2328 graue,2

404 2372 454 2411 ιο
469 2346 605 2424 hoc,
652 2365 895 2430 quaese,
942 2348 1030 2411 mi
1076 2346 1485 2427 dilectissimi,
1534 2347 1647 2409 aut
1692 2364 1878 2427 quam
1925 2345 2215 2410 acerbum
2261 2349 2375 2429 est,
2422 2349 2493 2411 ut
2540 2364 2727 2413 causa

471 2449 596 2515 odii
638 2470 811 2516 amor
855 2469 989 2515 esse
1033 2452 1337 2532 cogatur?
1414 2449 1574 2532 quod
1633 2447 1885 2530 quidem
1943 2467 2083 2514 cum
2129 2468 2311 2532 saepe
2355 2449 2525 2532 aliis,
2587 2453 2725 2515 tum

473 2552 662 2618 etiam
707 2554 860 2618 mihi
907 2553 1203 2619 accidisse
1248 2571 1416 2622 nunc
1460 2552 1612 2618 satis
1646 2571 1881 2631 uereor,
1929 2554 2019 2637 ut,
2067 2554 2221 2638 dum
2262 2554 2726 2622 adulescentem

473 2657 655 2741 hunc,
713 2676 896 2739 quem
956 2657 1038 2722 ad
1083 2675 1192 2724 uos
1238 2657 1404 2741 misi,
1466 2656 1712 2724 tradere
1737 2655 2103 2722 ¹indiuiduis
2148 2656 2305 2721 meis
2352 2658 2549 2740 cupio,
2613 2657 2724 2723 uni

472 2759 727 2825 studens
784 2761 1002 2826 multis
1059 2760 1365 2828 molestus
1420 2762 1571 2844 sim,
1640 2759 1707 2824 et
1752 2778 1924 2824 amor
1969 2760 2100 2824 eius
2141 2759 2382 2846 ‘offensa
2424 2761 2512 2826 sit
2556 2762 2721 2828 cete-

405 2887 456 2929 15
472 2881 701 2942 rorum,
749 2882 1129 2950 quamquam
1173 2864 1257 2941 hi,
1304 2865 1411 2945 qui
1457 2864 1611 2929 satis
1657 2863 1950 2945 diligunt,
1997 2880 2121 2932 non
2152 2864 2273 2932 cito
2305 2863 2722 2932 offendantur.

473 2967 577 3031 sed
636 2986 744 3052 ego
800 2966 1291 3056 insinuationem
1328 2983 1554 3034 meam
1612 2966 1819 3036 minus
1878 2968 2127 3049 gratam
2170 2965 2299 3043 fore
2344 2966 2783 3049 quibusdam3

471 3069 733 3145 timens,
799 3071 992 3140 etiam
1051 3068 1554 3158 imminutionem
1600 3072 1839 3154 gratiae
1886 3068 2184 3136 offensam
2221 3071 2401 3152 puto.
2475 3072 2722 3153 placere

473 3175 637 3238 enim
666 3173 906 3240 dilectis
928 3174 1093 3238 ⁴meis
1124 3172 1467 3254 plurimum
1514 3174 1767 3253 cupiens
1799 3172 2154 3240 molestiam
2189 3173 2454 3244 illorum
2484 3178 2726 3239 reatum

474 3296 686 3343 meum
733 3277 931 3355 credo,
978 3278 1042 3342 et
1086 3278 1210 3344 nisi
1253 3274 1341 3341 eis
1390 3275 1543 3340 satis
1574 3276 1880 3358 placuero,
1921 3276 2303 3360 supplicium
2337 3276 2725 3359 displicentis

404 3379 621 3445 aofero.
696 3399 1076 3464 quamquam
1144 3380 1259 3444 hoc
1325 3379 1730 3448 metuendum
1775 3379 1841 3444 in
1885 3381 2065 3460 uobis
2132 3381 2379 3446 omnino
2435 3397 2558 3460 non
2619 3376 2787 3458 sit,4

474 3484 581 3565 qui
645 3485 851 3552 totum
906 3502 1008 3547 me
1052 3482 1119 3572 in
1164 3501 1274 3548 uos
1335 3480 1706 3569 recipientes
1772 3483 1965 3552 etiam
2033 3484 2202 3567 apud
2265 3482 2423 3546 alios
2468 3501 2579 3567 pro
2624 3501 2726 3548 me

474 3585 728 3651 timetis,
791 3586 1037 3652 tantum
1086 3585 1250 3651 enim
1299 3584 1476 3649 abest
1520 3588 1593 3649 ut
1639 3584 1961 3668 displicere
2007 3603 2117 3667 ego
2167 3585 2417 3649 caritati
2463 3603 2538 3650 ac
2583 3604 2724 3649 sen-

474 3688 570 3753 sui
613 3685 823 3755 uestro
868 3688 1118 3773 possim,
1167 3691 1239 3753 ut
1285 3686 1475 3753 etiam
1518 3687 1680 3752 illud
1727 3707 1971 3753 mecum
2019 3687 2455 3770 reformidem,
2501 3708 2578 3753 ne
2612 3707 2724 3771 ego

474 3793 845 3878 quibusdam
889 3792 1048 3857 forte
1095 3791 1478 3875 displiceam,
1527 3792 1614 3857 mi
1660 3790 2010 3857 dulcissimi
2040 3810 2111 3857 ac
2141 3789 2534 3856 dilectissimi
2579 3792 2725 3857 mei.

402 3922 455 3961 25
472 3898 845 3980 adulescens,
907 3917 1091 3980 quem
1137 3896 1216 3962 ad
1278 3914 1387 3961 uos
1448 3897 1612 3979 misi,
1673 3896 2057 3980 Agrippinae
2119 3915 2262 3963 cum
2320 3897 2451 3963 suis
2511 3897 2787 3980 captus5

473 4003 606 4083 est,
676 4001 984 4083 quondam
1052 4001 1221 4065 inter
1286 4019 1430 4065 suos
1493 4019 1614 4066 non
1681 4001 1860 4083 parui
1924 4000 2229 4083 nominis,
2299 3999 2542 4065 familia
2608 4018 2728 4065 non

577 4188 605 4241 1
643 4188 935 4256 inscriptio
971 4189 1114 4243 deest
1148 4189 1214 4242 in
1257 4188 1302 4242 Ο
1501 4189 1558 4241 11
1597 4191 1717 4242 tum
1741 4187 2045 4242 Pithoeus:
2084 4204 2202 4242 cum
2247 4188 2293 4243 G
2479 4188 2549 4242 25
2582 4186 2727 4255 agri·

472 4274 630 4342 pinae
675 4274 721 4329 Ο
749 4273 878 4329 item
915 4277 989 4328 30
