3380 4919
1115 343 1190 396 αθ
1223 343 1500 411 gubern.
1539 343 1645 397 uei
1688 344 1767 399 v1
1809 349 1840 410 ς
1875 344 2095 402 39—45.
2609 351 2729 416 137

478 532 648 615 prius
707 533 847 597 acta
903 531 1063 595 sunt.
1143 532 1655 598 considerandum
1714 550 1857 617 ergo
1912 536 2246 616 utrumque
2304 537 2418 616 est,
2490 536 2556 601 id
2611 540 2728 615 est,
2747 537 2831 602 42

478 634 626 717 quid
671 636 754 699 sit
815 634 973 716 quod
1031 634 1230 698 adhuc
1275 634 1409 699 loca
1466 634 1606 717 ipsa
1650 653 1724 701 ac
1768 636 2111 701 diuersoria
2155 638 2533 702 ludicrorum
2579 637 2726 721 sint,

477 736 715 803 ludicra
760 742 972 802 autem
1021 755 1150 832 esse
1196 737 1595 803 cessauerint.
1656 740 1796 805 loca
1840 739 2007 804 enim
2038 740 2104 805 et
2132 739 2489 806 habitacula
2521 743 2725 824 turpi-

478 842 764 906 tudinum
824 840 1055 905 idcirco
1114 839 1316 905 adhuc
1371 845 1536 918 sunt,
1607 842 1757 924 quia
1811 843 1948 908 illic
2000 844 2247 925 impura
2302 843 2512 910 omnia
2556 846 2728 927 prius

432 948 622 1009 5acta
677 946 844 1008 sunt.
922 961 1083 1008 nunc
1140 945 1348 1008 autem
1408 943 1647 1008 ludicra
1705 944 1840 1027 ipsa
1882 945 2019 1011 ideo
2066 965 2187 1010 non
2235 950 2525 1028 aguntur,
2585 947 2729 1029 quia

478 1047 580 1129 agi
624 1046 751 1111 iam
795 1065 941 1128 prae
985 1046 1243 1111 miseria
1284 1048 1585 1129 temporis
1631 1050 1819 1130 atque
1850 1052 2122 1131 egestate
2166 1068 2287 1114 non
2332 1052 2610 1132 possunt.
2667 1052 2730 1115 et

477 1150 633 1228 ideo,
694 1149 857 1230 quod
914 1148 1088 1231 prius
1144 1150 1358 1214 actum
1413 1152 1528 1227 est,
1587 1150 1952 1216 uitiositatis
1999 1151 2141 1230 fuit,
2189 1153 2350 1234 quod
2395 1171 2560 1219 nunc
2603 1170 2726 1216 non

478 1253 705 1335 agitur,
776 1250 1184 1316 necessitatis,
1264 1250 1592 1318 calamitas
1638 1254 1803 1318 enim
1864 1252 2000 1318 fisci
2060 1258 2123 1317 et
2185 1256 2545 1320 mendicitas
2601 1252 2829 1319 iam43

477 1353 746 1418 Romani
789 1354 1010 1418 aerarii
1056 1370 1180 1418 non
1225 1354 1378 1418 sinit
1421 1356 1491 1419 ut
1535 1355 1763 1437 ubique
1809 1358 1872 1421 in
1903 1375 1999 1420 res
2045 1357 2404 1437 nugatorias
2449 1358 2728 1439 perditae

411 1458 935 1539 mprofundantur
1000 1475 1315 1537 expensae.
1392 1461 1649 1537 pereant
1716 1459 1920 1523 adhuc
1989 1458 2337 1541 quamlibet
2404 1460 2607 1526 multa
2665 1465 2728 1526 et

478 1563 652 1642 quasi
696 1561 761 1626 in
807 1578 1066 1625 caenum
1109 1559 1509 1640 proiciantur,
1559 1561 1666 1624 sed
1712 1561 1924 1626 tamen
1968 1562 2168 1643 perire
2211 1564 2337 1627 iam
2384 1564 2562 1628 tanta
2604 1582 2728 1629 non

479 1666 731 1745 queunt,
781 1662 924 1745 quia
969 1681 1090 1727 non
1136 1667 1283 1728 sunt
1329 1666 1505 1727 tanta
1549 1682 1707 1745 quae
1752 1666 2022 1746 pereant.
2098 1683 2245 1728 nam
2291 1668 2596 1746 quantum
2643 1666 2721 1730 ad

477 1771 695 1831 uotum
738 1769 984 1831 nostrae
1029 1765 1311 1830 libidinis
1343 1767 1528 1847 atque
1574 1767 2034 1849 impurissimae
2066 1768 2430 1850 uoluptatiS,
2479 1770 2725 1850 optare·

476 1888 616 1935 mus
671 1870 944 1952 profecto
986 1869 1088 1933 uel
1135 1869 1214 1933 ad
1260 1868 1378 1933 hoc
1423 1871 1857 1935 tantummodo
1912 1870 2053 1952 plus
2100 1871 2343 1945 habere,
2402 1877 2474 1935 ut
2518 1889 2726 1952 posse-

411 1991 614 2038 15111118
659 1974 725 2037 in
772 1972 884 2038 hoc
929 1971 1342 2053 turpitudinis
1385 1973 1594 2039 lutum
1638 1975 1823 2054 plura
1853 1976 2227 2039 conuertere.
2285 1978 2346 2039 et
2377 1993 2472 2038 res
2502 1975 2726 2056 probat
2745 1970 2830 2033 44

477 2080 710 2158 quanta
754 2075 1074 2157 prodigere
1118 2076 1450 2154 nellemuS,
1499 2078 1549 2140 si
1597 2077 1917 2158 opulentes
1963 2095 2238 2142 essemus
2276 2095 2349 2142 ac
2393 2077 2722 2158 splendidi,

478 2196 619 2242 cum
664 2179 1064 2261 prodigamus
1108 2179 1283 2243 tanta
1328 2179 1616 2243 mendici.
1678 2198 1750 2243 ea
1780 2185 1876 2243 est
1907 2181 2073 2244 enim
2109 2180 2280 2244 labes
2310 2183 2727 2262 praesentium

475 2299 718 2345 morum
765 2284 952 2363 atque
996 2279 1275 2364 perditio,
1324 2283 1396 2345 ut
1427 2300 1563 2346 cum
1614 2282 1741 2345 iam
1774 2300 1896 2346 non
1926 2282 2154 2346 habeat
2185 2286 2513 2364 paupertas
2560 2283 2723 2364 quod

476 2385 670 2467 possit
714 2385 991 2468 perdere,
1056 2386 1258 2450 adhuc
1309 2385 1519 2449 tamen
1564 2386 1717 2451 uelit
1763 2385 2078 2450 uitiositas
2125 2387 2263 2468 plus
2307 2386 2525 2469 perire.
2603 2405 2724 2450 non

408 2492 572 2553 eoest
619 2508 782 2572 ergo,
838 2492 1003 2572 quod
1061 2489 1333 2555 blandiri
1391 2489 1567 2555 nobis
1625 2489 1862 2571 aliquid
1905 2490 1970 2554 in
2016 2491 2132 2554 hac
2178 2491 2352 2571 parte
2395 2489 2723 2570 possimuS,

475 2594 549 2656 ut
591 2593 882 2669 dicamus
930 2611 1052 2657 non
1096 2596 1159 2657 in
1205 2591 1490 2657 omnibus
1537 2611 1703 2656 nunc
1747 2591 2006 2657 urbibus
2039 2592 2142 2673 agi
2188 2592 2318 2668 illa,
2367 2609 2523 2673 quae
2554 2594 2725 2673 prius

477 2697 612 2760 acta
677 2699 843 2760 sunt.
919 2694 1056 2760 ideo
1123 2695 1291 2759 enim
1355 2714 1474 2760 non
1546 2695 1612 2760 in
1671 2696 1954 2760 omnibus
2023 2695 2152 2759 iam
2221 2697 2513 2776 aguntur,
2583 2694 2729 2776 quia
2744 2691 2830 2757 45

477 2798 680 2875 urbes,
727 2799 836 2863 ubi
882 2801 1225 2881 agebantur
1271 2798 1404 2875 illa,
1454 2799 1580 2862 iam
1625 2815 1748 2862 non
1785 2800 1952 2873 sunt,
1997 2798 2097 2862 uel
2127 2798 2233 2877 ibi,
2283 2797 2589 2878 siquidem
2622 2798 2725 2861 diu

479 2905 616 2965 acta
661 2905 828 2980 sunt,
867 2934 899 2965 ÷÷
935 2919 1092 2981 quae
1123 2903 1184 2966 id
1218 2901 1552 2977 efficerent,
1601 2905 1688 2981 ut,
1740 2901 1848 2965 ubi
1887 2901 1999 2966 illa
2028 2900 2392 2984 agebantur,
2442 2919 2575 2966 esse
2607 2918 2729 2966 non

410 3022 461 3063 25
479 3007 751 3086 possint:
819 3008 982 3070 sicut
1051 3006 1181 3087 ipse
1227 3005 1304 3068 ad
1350 3007 1705 3088 peccatores
1775 3004 1927 3068 deus
1990 3006 2236 3070 locutus
2296 3006 2390 3068 est
2434 3024 2541 3087 per
2585 3022 2727 3085 pro·

479 3108 746 3191 phetam,
784 3108 929 3190 quia
959 3109 1228 3173 horum
1273 3108 1732 3173 recordatus
1766 3108 1883 3172 est
1927 3108 2317 3185 dominus,
2366 3111 2440 3171 et
2472 3126 2728 3172 ascen-

679 3344 748 3395 26
784 3343 1012 3396 Hierem.
1050 3344 1134 3409 44,
1171 3345 1233 3397 21

583 3567 608 3619 1
660 3565 717 3618 id
762 3581 803 3619 8.
840 3581 942 3620 ser.
979 3582 1046 3619 m.
1075 3568 1114 3619 2
1149 3569 1234 3629 4,
1261 3567 1352 3633 (τ-
1375 3569 1475 3631 est)
1527 3567 1581 3618 A
1787 3566 1821 3618 4
1876 3566 2046 3619 adhuc
2090 3565 2145 3618 Β
2179 3582 2220 3619 s.
2258 3566 2292 3618 l.
2407 3581 2413 3587 ·
2501 3566 2534 3618 8
2581 3581 2727 3619 men-

479 3658 682 3713 dacitas
717 3659 772 3712 Β
937 3661 998 3713 11
1036 3675 1226 3727 cenum
1261 3664 1315 3712 A
1475 3661 1542 3713 13
1578 3663 1635 3713 at
1668 3676 1709 3716 ε.
1736 3676 1837 3714 scr.
1876 3677 1931 3728 q:
1967 3678 2038 3715 m.
2064 3664 2105 3715 2
2139 3662 2193 3714 A
2359 3660 2424 3712 14
2459 3674 2729 3727 possemus

480 3769 546 3806 ex
580 3755 842 3821 possimus
878 3754 932 3805 A
968 3769 1104 3808 corr.
1143 3771 1213 3808 m.
1251 3759 1282 3808 1
1495 3755 1559 3808 15
1604 3755 1660 3807 in
1700 3770 1799 3809 om.
1837 3755 1892 3808 Β
2101 3756 2167 3808 16
2201 3754 2457 3807 nollemus
2494 3769 2561 3807 ex
2597 3753 2730 3806 ueli-

480 3855 596 3893 mus
642 3841 696 3893 A
744 3856 886 3895 corr.
932 3858 1001 3895 m.
1035 3845 1071 3895 2
1122 3842 1254 3895 item
1290 3842 1470 3909 paulo
1509 3847 1639 3908 post
1685 3840 1834 3894 labes
1882 3856 1952 3895 ex
1998 3840 2138 3894 labis
2345 3839 2414 3893 20
2466 3854 2593 3908 ergo
2631 3854 2730 3893 om.

481 3926 534 3978 Β
738 3943 1018 3995 possumus
1066 3927 1120 3980 Β
1326 3928 1395 3980 23
1441 3929 1525 3981 uel
1573 3926 1652 3980 ibi
1688 3927 2004 3980 Har-telius:
2063 3928 2117 3979 et
2152 3925 2246 3979 ubi
2282 3927 2603 3993 AB(Ttv);
2663 3927 2732 3980 ‘et

481 4018 610 4065 ante
656 4012 748 4066 ubi
794 4012 1084 4067 delendum
1132 4011 1384 4079 uidetur,
1438 4014 1549 4067 nisi
1583 4013 1813 4082 ymnius
1847 4013 2048 4066 uitium
2081 4013 2210 4065 latet
2243 4012 2306 4065 in
2342 4013 2457 4066 loeo
2492 4012 2731 4066 obscuro'

480 4098 772 4166 Halmiu85
823 4098 894 4163 cf.
932 4115 1072 4167 quae
1106 4100 1375 4167 copiosius
1419 4099 1826 4167 dssputauimus
1869 4100 1930 4151 in
1969 4098 2261 4152 Sita-Ber.
2291 4113 2353 4165 p.
2388 4101 2463 4152 26
2486 4113 2592 4166 sqq.

481 4183 743 4251 siquidem
779 4183 871 4236 diu
908 4186 1163 4238 exhausta
1199 4186 1325 4237 sunt
1360 4186 1676 4253 suspicatur
1712 4184 2005 4238 Hartelius
2208 4183 2278 4236 24
2313 4189 2440 4238 ante
2476 4199 2610 4252 quae
2648 4184 2729 4236 la-

480 4286 677 4325 cunam
712 4274 1088 4341 siynauimu85
1126 4272 1197 4338 ef.
1233 4288 1331 4325 ‘nos
1367 4273 1402 4326 l.
1438 4273 1472 4325 l.
1680 4272 1746 4325 25
1786 4272 1912 4324 deus
1949 4272 2015 4324 ad
2051 4273 2347 4339 peccatores
2385 4271 2440 4324 Β
