3380 4919
638 254 780 320 ’298
1625 250 1938 306 Saluiani

549 442 630 508 87
651 445 717 508 te
759 461 881 508 non
924 444 1129 525 potest
1167 442 1546 524 impetrare?
1590 445 1653 506 et
1683 441 2006 525 quomodo,
2055 440 2337 523 quisquis
2369 459 2433 504 es
2466 458 2498 504 o
2531 440 2900 517 miserrime,

650 545 955 627 quomodo
1002 547 1064 609 te
1109 546 1322 627 postea
1388 545 1845 626 supplicantem
1906 543 2014 608 ille
2073 543 2138 607 in
2208 542 2433 609 iudicio
2497 562 2606 608 suo
2673 540 2899 621 audiet,

650 667 791 712 cum
836 652 906 712 tu
951 648 1054 712 hic
1098 666 1240 713 eum
1284 667 1392 730 pro
1438 649 1501 712 te
1547 650 1872 730 rogantem
1934 647 2147 714 audire
2205 648 2336 730 ipse
2397 646 2720 712 nolueris?
2793 648 2898 712 sed

647 750 945 816 uidelicet
991 770 1176 817 causa
1218 753 1474 835 grandis
1521 755 1634 829 est,
1682 771 1805 834 qua
1850 753 2032 817 deum
2080 751 2295 817 audire
2338 770 2461 817 non
2505 751 2723 833 possis.
2778 750 2899 814 cir-

648 858 970 919 cumstant
1027 856 1190 919 enim
1237 859 1303 918 te
1348 858 1777 935 aegrotantem
1840 855 2090 937 cognati
2136 857 2323 936 atque
2369 853 2586 936 agnati
2630 852 2730 917 tui
2776 852 2900 917 cir·
2941 873 2969 913 5

647 958 962 1022 cumstant
1006 958 1349 1038 locupletes
1398 959 1629 1023 matres
1677 957 1977 1033 familiae,
2026 958 2442 1022 circumstant
2487 955 2731 1021 nobiles
2780 956 2900 1020 uiri

648 1059 891 1124 obsidet
934 1059 1169 1125 lectum
1213 1059 1601 1127 infirmitatis
1647 1064 1792 1125 tuae
1840 1059 2052 1127 sericis
2099 1063 2285 1141 atque
2332 1057 2570 1123 auratis
2615 1056 2899 1127 uestibus

648 1161 1020 1227 circumfusa
1086 1164 1518 1229 numerositas,
1594 1181 1628 1226 o
1689 1167 1958 1244 quantus
2026 1163 2267 1228 fructus
2336 1162 2734 1228 aeternitatis
2802 1162 2899 1227 est

647 1260 883 1329 talibus
928 1264 1094 1330 bona
1136 1267 1386 1359 propria
1430 1283 1681 1347 erogare
1727 1266 2067 1330 mendicis!
2143 1265 2334 1347 digna
2377 1264 2672 1329 uidelicet
2714 1281 2901 1331 causa

647 1374 711 1433 et
756 1370 911 1434 satis
978 1370 1143 1434 iusta
1208 1374 1321 1448 est,
1395 1375 1465 1435 ut
1509 1373 1581 1435 tu
1625 1371 1870 1435 animae
1931 1374 2079 1435 tuae
2146 1370 2390 1435 auferas
2459 1370 2623 1450 quod
2687 1369 2896 1451 egenis
2917 1392 2970 1433 10

541 1471 625 1537 88
645 1472 880 1537 talibus
946 1473 1354 1554 derelinquas.
1430 1474 1538 1538 sed
1606 1474 1906 1538 nimirum
1972 1473 2399 1538 misericordia
2465 1472 2772 1556 frangeris
2837 1474 2900 1537 et

579 1616 583 1625 ·
644 1575 1130 1640 lamentantium
1178 1578 1665 1660 propinquorum
1712 1577 1941 1659 pietate
1986 1577 2315 1656 superaris.
2375 1578 2474 1641 est
2520 1578 2688 1640 certa
2718 1576 2896 1641 ratio.

641 1680 817 1743 uides
880 1681 1103 1763 quippe
1161 1680 1616 1762 opulentissimi
1679 1698 1750 1743 ac
1805 1679 2299 1761 splendidissimi
2355 1679 2563 1744 cultus
2620 1679 2896 1744 homines

649 1781 810 1866 [tibi]
861 1783 1100 1860 flenteS‚
1164 1783 1332 1847 tristi
1397 1785 1580 1848 uultu
1625 1785 1687 1848 et
1733 1784 1889 1848 festo
1936 1784 2158 1848 habitu
2205 1783 2556 1866 conpositas
2602 1785 2678 1847 ad
2724 1800 2895 1848 mae-

643 1885 1010 1950 stitudinem
1080 1886 1268 1951 facies
1332 1887 1451 1951 tibi
1519 1888 1923 1964 ostentantes,
1970 1906 2099 1968 per
2165 1886 2605 1970 imaginariam
2661 1885 2966 1952 sollici-1⁵

642 1988 926 2053 tudinem
975 2008 1152 2077 suam
1200 1995 1476 2055 ementes
1524 1990 1935 2055 hereditatem
1981 1994 2179 2057 tuam.
2255 2009 2439 2072 quem
2484 2007 2602 2053 non
2646 1992 2896 2054 moueat

642 2091 822 2154 tanta
886 2091 1130 2171 pietas?
1197 2111 1379 2173 quem
1438 2110 1559 2157 non
1620 2097 1875 2157 moueat
1937 2093 2083 2157 talis
2134 2078 2350 2158 dolor?
2418 2097 2523 2157 aut
2571 2095 2892 2175 quomod0,

642 2212 784 2257 cum
843 2193 993 2259 haec
1051 2195 1207 2259 talia
1250 2196 1484 2279 uideaS‚
1545 2213 1664 2259 non
1711 2196 2095 2260 obliuiscaris
2155 2196 2297 2260 tui?
2366 2195 2537 2260 uides
2583 2195 2749 2259 enim
2795 2213 2897 2258 ex-

639 2299 838 2360 tortas
896 2296 1185 2361 lacrimas
1244 2297 1542 2371 simulata
1596 2298 1867 2389 suspiria
1922 2297 2136 2362 fictam
2195 2298 2574 2362 anxietatem
2619 2314 2739 2361 non
2787 2315 2895 2385 op-

640 2402 885 2465 tantem
920 2400 992 2464 ut
1024 2401 1436 2479 conualescas‚
1483 2402 1590 2467 sed
1614 2402 2053 2484 expectantem
2085 2388 2328 2484 quando
2359 2401 2673 2467 moriaris:
2721 2402 2971 2471 uidesne

639 2501 869 2568 defixos
913 2504 981 2568 in
1026 2504 1088 2567 te
1136 2504 1316 2586 quasi
1378 2508 1747 2568 accusantes
1807 2505 1903 2568 tui
1949 2504 2157 2569 obitus
2204 2506 2569 2570 tarditatem
2617 2490 2894 2584 omnium

536 2602 620 2668 89
638 2606 876 2670 uultus.
941 2624 974 2670 o
1020 2606 1331 2676 infelicem
1361 2611 1424 2670 te
1455 2626 1527 2672 ac
1558 2608 1999 2689 miserrimum,
2048 2609 2223 2673 cuius
2256 2627 2616 2691 supremum
2663 2610 2891 2672 exitum

639 2712 854 2774 tantus
927 2710 1240 2774 desiderat
1306 2728 1600 2774 numerus
1669 2710 2191 2792 propinquorum!
2261 2711 2382 2775 nisi
2439 2712 2600 2792 quod
2654 2699 2800 2776 scio
2826 2728 2898 2774 ac

639 2814 792 2877 satis
851 2815 1056 2877 certus
1114 2831 1256 2877 sum
1312 2812 1471 2877 nihil
1517 2814 1770 2877 omnino
1816 2816 1976 2894 apud
2024 2814 2205 2878 deum
2256 2816 2406 2878 uota
2450 2813 2676 2890 talium
2720 2832 2895 2897 prae-

637 2916 862 2979 ualere.
938 2933 1082 2979 nam
1150 2915 1365 2980 mirari
1432 2935 1675 2998 possem
1738 2916 1895 2981 forte
1953 2918 2113 2998 quod
2178 2918 2437 2994 uiuere8‚
2508 2936 2688 3000 quem
2738 2917 2893 2982 mori
2911 2941 2965 2983 25

639 3020 771 3080 tam
829 3017 1019 3081 multi
1076 3018 1291 3083 uelint.
1373 3024 1437 3083 et
1494 3023 1748 3101 propter
1805 3020 1936 3101 hOS‚
1996 3019 2277 3103 quisquis
2333 3021 2441 3086 ille
2500 3039 2584 3097 es,
2625 3024 2896 3103 =propter

637 3119 747 3183 hos
814 3118 974 3183 tales
1041 3120 1317 3185 animam
1386 3123 1561 3186 tuam
1619 3122 1853 3187 deseris
1912 3126 1976 3187 et
2033 3127 2277 3189 credere
2336 3127 2397 3188 te
2445 3124 2749 3189 iudicium
2795 3124 2895 3187 dei

638 3221 814 3300 dicis,
862 3241 1003 3287 cum
1051 3224 1128 3287 ad
1173 3223 1289 3288 hoc
1334 3224 1463 3287 eius
1509 3225 1681 3288 iussa
1726 3223 2049 3306 despiciaS‚
2097 3230 2169 3290 ut
2212 3226 2661 3309 patrimonium
2709 3231 2893 3291 tuum

532 3324 871 3392 90talibus
931 3326 1372 3409 derelinquas?
1438 3328 1855 3410 dispersit,
1918 3330 2123 3413 inquit
2181 3330 2485 3413 propheta
2530 3332 2605 3397 de
2651 3349 2740 3412 eo,
2788 3330 2894 3412 qui

760 3515 767 3524 '
841 3539 909 3592 29
945 3538 1090 3595 Psal.
1132 3540 1244 3604 111,
1283 3540 1316 3594 9

741 3736 771 3788 7
808 3737 998 3803 syricis
1032 3752 1074 3790 s.
1112 3752 1148 3804 y
1182 3752 1285 3792 scr.
1322 3752 1348 3789 e
1384 3753 1450 3794 m.
1486 3739 1528 3792 2
1563 3738 1673 3791 AB
1719 3780 1724 3786 .
1791 3727 1792 3732 ’
1884 3738 1951 3791 10
1996 3740 2210 3807 aegenis
2248 3741 2304 3794 A
2514 3742 2582 3802 14
2607 3742 2720 3812 *tibi
2756 3756 2892 3796 eras.

634 3821 699 3874 in
731 3820 787 3873 A
822 3820 917 3875 sed
941 3838 1056 3876 ‘non
1071 3837 1306 3890 prorsus
1330 3815 1590 3889 ouandi&
1625 3826 1917 3891 repetitum
1952 3841 2019 3879 ex
2052 3840 2157 3894 seq.
2185 3811 2351 3881 uersu
2382 3832 2519 3895 puto
2708 3828 2771 3882 21
2811 3843 2895 3882 ac-

634 3908 911 3964 cussantes
959 3923 1100 3963 eras,
1139 3924 1164 3962 s
1209 3911 1264 3964 A
1317 3913 1624 3978 accusantes
1662 3926 1733 3964 ex
1770 3910 1870 3964 -tis
1906 3926 2041 3965 corr.
2080 3928 2146 3965 m.
2184 3915 2225 3965 2
2259 3913 2313 3966 Β
2519 3913 2587 3988 22
2640 3913 2894 3967 infilicem

632 3993 686 4056 A
886 3993 1056 4046 exitus
1091 3988 1161 4048 A‘
1189 3993 1359 4063 <quod
1391 3994 1652 4049 Halmius
1686 4010 1803 4050 non
1847 3985 2024 4064 adm.)
2054 3998 2254 4052 exitum
2301 4014 2375 4060 eoe
2421 3989 2550 4060 rtus'
2574 4014 2714 4054 corr.
2751 4015 2818 4053 m.
2855 4000 2896 4051 2

635 4079 690 4132 Β
884 4078 952 4132 25
986 4079 1194 4133 uiueres
1231 4096 1300 4164 ceu
1337 4080 1436 4134 ·ris
1473 4096 1612 4135 corr.
1638 4097 1704 4138 ,m
1756 4084 1797 4134 2
1830 4081 1942 4135 AB
2139 4082 2206 4136 27
2242 4090 2372 4137 ante
2410 4084 2494 4138 dei
2530 4100 2667 4139 eras.
2705 4089 2759 4139 te
2795 4085 2894 4139 alt.

635 4164 689 4217 A
897 4163 966 4217 28
999 4163 1249 4232 dispicias
1285 4165 1394 4219 AB
1600 4166 1667 4219 29
1705 4163 1893 4235 inquid
1929 4167 1984 4220 Β

328 4385 1239 4811 αᾶι
