3380 4919
1257 319 1732 374 adecclesiam
1780 320 1839 374 II
1882 325 1912 384 ξ
1949 319 2166 372 67—73.
2716 317 2841 383 267

581 514 801 579 cuncta
867 513 1113 595 penitus
1170 527 1279 592 spe
1345 509 1512 572 uitae
1569 508 1755 572 huius
1813 508 2060 572 cunctis
2121 508 2415 571 subsidiis
2481 506 2838 589 destitutus,

582 635 776 681 unam
843 612 1273 679 tantummodo
1342 610 1642 686 tabulam,
1714 610 1815 675 661
1884 610 2201 674 inhaerere
2271 609 2475 674 adhuc
2541 611 2716 691 quasi
2771 609 2839 672 in

579 718 786 783 medio
857 719 1015 783 mari
1071 716 1408 797 naufragus
1477 713 1695 796 possit,
1766 715 2021 778 amittat
2079 731 2192 777 nec
2247 712 2501 777 amittat
2559 712 2838 776 tantum-

578 823 780 900 modo,
828 822 936 885 sed
983 819 1219 884 abiciat
1260 821 1450 900 atque
1497 835 1534 881 a
1578 835 1643 881 se
1687 817 1936 900 penitus
1971 815 2260 897 expellat,
2308 815 2600 880 omnibus
2635 815 2839 879 modis

533 924 643 990 sid
690 924 1046 1003 elaborans,
1107 942 1184 987 ne
1228 923 1377 1004 quid
1436 921 1557 985 sibi
1600 921 1855 985 omnino
1912 921 2224 1002 reliquum
2271 937 2402 983 esse
2448 918 2659 996 faciat,
2719 936 2837 1001 quo

578 1028 893 1109 periturus
941 1028 1210 1091 euadat?

663 1146 796 1212 XV.
861 1146 1032 1226 Quae
1076 1163 1218 1208 cum
1249 1144 1341 1208 ita
1372 1143 1517 1222 sint,
1565 1142 1756 1207 dicite
1791 1142 1967 1225 mihi,
2000 1160 2241 1224 quaeso,
2275 1159 2490 1206 omnes
2522 1140 2838 1206 Christum
2858 1137 2936 1202 71

576 1250 885 1327 6111611166,
944 1247 1000 1311 61
1045 1265 1174 1312 6666
1222 1246 1340 1311 6111
1384 1245 1631 1311 omnino
1678 1244 1960 1309 homines
2007 1251 2139 1309 tam
2184 1243 2357 1310 saeui
2403 1263 2475 1309 ac
2516 1249 2650 1309 tam
2696 1264 2836 1309 cru-

578 1351 746 1416 deles
815 1351 1146 1416 aduersum
1214 1348 1500 1415 inimicos
1568 1366 1712 1413 suos
1778 1348 2039 1431 possunt
2110 1367 2296 1429 quam
2353 1352 2499 1412 sunt
2555 1348 2665 1414 isti
2724 1350 2836 1413 ad-

504 1475 560 1516 16
577 1473 832 1519 66166111
889 1454 999 1519 se‘?
1066 1453 1224 1517 nulli
1287 1454 1512 1534 quippe
1574 1452 1721 1516 sunt
1783 1453 1915 1515 tam
1975 1449 2093 1514 feri
2140 1454 2274 1514 tam
2333 1451 2680 1528 inhumani,
2730 1453 2835 1534 qui

575 1574 695 1621 non
741 1557 843 1621 uel
889 1559 1242 1638 desperatos
1288 1557 1415 1620 iam
1461 1557 1645 1636 atque
1689 1553 2025 1619 morientes
2072 1553 2460 1619 aduersarios
2507 1571 2651 1618 suos
2695 1574 2837 1637 per-

577 1660 749 1740 sequi
818 1659 1138 1724 desinant:
1216 1658 1326 1723 isti
1387 1678 1449 1722 66
1505 1659 1672 1740 ipsos
1742 1657 1934 1722 etiam
1988 1657 2055 1720 in
2102 1658 2301 1721 morte
2368 1657 2555 1738 positi
2623 1675 2836 1738 perse-

576 1763 874 1843 quuntur.
944 1780 1146 1826 annon
1177 1764 1273 1826 est
1318 1761 1435 1826 hoc
1479 1760 1826 1842 persecutio
1875 1763 1983 1825 aut
2031 1778 2163 1824 esse
2195 1759 2321 1824 alia
2367 1762 2563 1824 maior
2608 1761 2835 1842 potest,
2860 1759 2940 1824 72

576 1864 934 1928 exheredari
1005 1864 1324 1928 hominem
1384 1884 1420 1929 6
1481 1882 1545 1929 66
1604 1865 1758 1946 ipsc,
1826 1863 2129 1927 extorrem
2191 1862 2497 1926 bonorum
2556 1864 2835 1927 omnium

508 1991 557 2033 15
574 1966 710 2029 fieri
755 1968 817 2031 et
862 1966 1039 2050 quasi
1085 1968 1147 2030 in
1195 1964 1450 2031 exilium
1498 1984 1535 2030 a
1580 1984 1646 2030 se
1690 1965 1827 2048 ipso
1888 1965 2036 2048 agi?
2101 1967 2289 2047 atque
2334 1966 2451 2030 hoc
2496 1985 2618 2030 non
2664 1983 2833 2030 com-

575 2068 753 2133 muni
814 2086 982 2133 more
1027 2072 1137 2134 aut
1182 2069 1414 2133 usitato
1471 2071 1579 2133 sed
1625 2086 1783 2133 nouo
1831 2071 1893 2133 et
1939 2068 2385 2146 crudelissime,
2444 2067 2683 2132 scilicet
2727 2067 2835 2133 ubi

572 2171 639 2234 111
685 2171 942 2235 6111116111
990 2171 1202 2236 anima
1245 2172 1384 2252 ipsa
1429 2169 1710 2235 mittitur
1753 2170 1861 2234 ubi
1894 2190 1926 2234 6
1959 2170 2371 2235 facultatibus
2404 2171 2531 2235 61116
2578 2170 2833 2251 spiritus

574 2273 913 2338 abdicatur.
977 2292 1010 2338 6
1058 2274 1287 2355 quanto
1337 2271 1602 2337 leuiores
1648 2276 1797 2337 sunt
1843 2272 2120 2337 extranei
2151 2278 2213 2337 et
2245 2273 2526 2337 carnales
2558 2272 2833 2337 inimici!

572 2376 671 2441 illi
739 2378 906 2440 enim
975 2394 1303 2458 corporum
1370 2378 1621 2440 tantum
1684 2375 1895 2440 hostes
1954 2375 2123 2453 sunt,
2191 2394 2303 2441 uos
2350 2379 2414 2442 et
2459 2376 2832 2441 animarum.

503 2480 709 2544 661666
771 2483 863 2543 661
921 2479 1135 2561 itaque
1196 2480 1263 2543 in
1310 2480 1745 2561 conparatione
1792 2479 2139 2545 facinorum
2185 2485 2532 2544 uestrorum
2581 2480 2832 2544 illorum
2855 2485 2936 2551 73

573 2582 805 2648 odium.
882 2582 1066 2647 facile
1127 2586 1221 2647 est
1286 2582 1454 2647 enim
1515 2582 1818 2665 quidquid
1862 2582 1930 2645 in
1975 2582 2288 2664 praesenti
2336 2583 2576 2648 saeculo
2621 2586 2830 2647 nocet:

570 2686 732 2750 illud
777 2703 965 2769 graue
1010 2685 1170 2750 illud
1215 2686 1635 2767 perniciosum
1679 2690 1795 2762 est,
1851 2685 2016 2768 quod
2060 2686 2128 2750 in
2172 2687 2539 2751 aeternitate
2583 2687 2834 2769 iugula-

572 2788 685 2854 1111.
757 2788 821 2853 61
864 2787 1004 2852 ideo
1038 2788 1317 2853 saluator
1364 2788 1523 2869 ipse:
1571 2789 1854 2872 nolite,
1901 2789 2128 2873 inquit,
2174 2806 2296 2853 eos
2341 2788 2657 2866 timere,
2705 2791 2834 2873 qui

570 2894 902 2973 possunt
961 2909 1246 2974 corpus
1307 2891 1697 2969 occidere,
1763 2892 2095 2957 animam
2158 2895 2420 2956 autem
2478 2911 2625 2957 non
2668 2912 2830 2975 pos-

501 2997 771 3058 666661.
848 2994 1031 3059 facile
1093 2997 1188 3059 est
1248 3013 1395 3078 ergo
1455 2994 1689 3071 odium,
1758 2996 1919 3077 quod
1965 3012 2182 3075 corpus
2227 2995 2426 3060 laedit
2471 3013 2590 3059 non
2635 2995 2831 3061 laedit

573 3097 868 3181 animam,
922 3097 1069 3179 quia
1114 3098 1279 3161 laeso
1327 3116 1577 3180 corpore
1623 3099 1834 3162 anima
1879 3100 2053 3163 extra
2098 3097 2398 3163 damnum
2442 3101 2539 3163 est
2586 3100 2647 3163 et
2688 3116 2830 3181 pas-

571 3199 849 3266 sionibus
897 3202 1180 3265 carnium
1234 3201 1558 3266 beatitudo
1603 3202 1945 3284 spirituum
1991 3220 2112 3266 non
2160 3202 2587 3284 interpolatur.
2669 3201 2830 3266 illud

773 3386 843 3440 23
880 3386 1077 3441 Matth.
1119 3388 1200 3454 10,
1238 3388 1307 3442 28

675 3557 701 3609 1
743 3555 1032 3609 distitutus
1069 3556 1125 3609 A
1161 3563 1212 3611 et
1247 3572 1314 3610 m.
1352 3561 1385 3609 1
1419 3556 1477 3609 Β
1679 3558 1715 3612 3
1750 3557 2043 3626 naufragus
2079 3558 2282 3626 possita
2317 3558 2507 3611 mittat
2543 3573 2681 3613 eras.
2718 3576 2743 3613 s
2779 3564 2831 3614 et

568 3658 601 3695 6
636 3641 740 3695 litt.
776 3641 932 3696 uocis
964 3642 1169 3710 possita
1205 3647 1258 3697 et
1292 3641 1420 3697 add.
1457 3659 1488 3696 6
1523 3648 1649 3699 ante
1685 3645 1877 3698 mittat
1910 3645 1965 3698 A
2170 3644 2199 3695 7
2237 3659 2375 3713 quae
2411 3660 2533 3698 cum
2568 3660 2635 3698 ex
2670 3660 2829 3713 quae-

568 3742 742 3796 cumq=
789 3741 930 3781 corr.
977 3743 1046 3780 m.
1093 3729 1133 3780 2
1179 3727 1236 3779 A
1444 3728 1511 3782 14
1558 3728 1873 3783 exheredare
1918 3728 1975 3782 Β
2181 3730 2246 3784 16
2284 3734 2414 3797 post
2463 3728 2827 3783 crudelissimo

567 3812 699 3870 add.
725 3829 787 3881 p.
830 3818 883 3867 et
908 3812 1031 3867 edd.
1058 3818 1188 3868 ante
1211 3813 1535 3868 Halmium.-
1572 3831 1751 3869 omnes
1788 3815 1931 3869 enim
1968 3815 2160 3882 6116166,
2197 3816 2298 3869 6161
2334 3815 2643 3885 corporibus
2681 3817 2827 3871 able-

569 3900 788 3968 gantur,
826 3899 1022 3952 animis
1056 3914 1163 3952 non
1200 3898 1578 3955 eliminentur:
1616 3903 1671 3955 et
1706 3902 1752 3955 si
1784 3917 1941 3955 carne
1964 3901 2167 3969 captiui
2192 3905 2336 3970 sunt,
2373 3902 2621 3957 cordibus
2644 3905 2826 3957 tamen

567 3983 615 4037 si
660 3984 858 4038 nolunt
902 3984 1060 4038 liberi
1106 3989 1463 4054 perseuerant.
1526 3989 1639 4041 Hoc
1683 3989 1864 4042 autem
1911 3988 2051 4042 unde
2097 4005 2241 4044 nunc
2283 3990 2572 4060 loquimur,
2623 4007 2825 4044 nouum

567 4070 709 4123 exilii
749 4085 918 4138 genus
953 4072 1115 4139 atque
1149 4072 1477 4126 tormentum
1513 4076 1609 4131 est.
1670 4073 1924 4129 Ceterum
1960 4074 2029 4128 de
2054 4074 2443 4131 additamentis
2477 4077 2542 4131 in
2572 4092 2613 4145 p
2650 4077 2826 4131 obuiis

569 4155 673 4221 cfr.
712 4153 1005 4209 Sita-Ber.
1035 4171 1097 4223 p.
1135 4158 1208 4209 33
1404 4157 1494 4211 ubi
1529 4175 1640 4213 ras.
1675 4166 1809 4213 mut.
1846 4160 1910 4213 in
1944 4159 2022 4213 ibi
2058 4162 2112 4214 A
2308 4162 2377 4215 23
2411 4162 2598 4231 inquid
2636 4162 2689 4215 B

566 4239 636 4295 25
669 4239 807 4309 ledit
841 4256 945 4294 non
984 4240 1121 4295 ledit
1156 4244 1212 4296 A
1417 4243 1485 4297 27
1522 4251 1639 4313 spm
1673 4260 1715 4299 6.
1754 4261 1857 4301 scr.
1893 4264 1929 4299 u
1966 4248 2021 4301 B
