3380 4919
1030 327 1103 382 de
1139 326 1405 396 gubern.
1443 325 1549 381 dei
1588 325 1696 381 VII
1733 331 1763 393 ἓ
1801 326 2021 381 26-33,
2539 328 2661 395 165

392 536 681 602 poenam,
731 518 891 601 quod
937 514 1359 599 ignauissimis
1406 515 1789 582 traderemur
1834 519 1897 581 et
1943 514 2044 582 uel
2090 516 2182 580 sic
2225 516 2477 599 plagam
2523 533 2663 580 cae-

402 622 579 686 lestis
623 638 844 686 manus
891 636 1390 702 agnosceremus,
1440 618 1587 702 quia
1648 636 1759 685 nos
1819 636 1942 685 non
2001 619 2326 684 fortissimi
2386 618 2663 684 hostium

392 725 509 790 sed
556 722 949 807 ignauissimi
980 722 1403 804 subiugarent.
1460 724 1548 788 sic
1591 721 1762 787 enim
1807 721 2076 807 legimus
2111 721 2292 806 quod,
2340 721 2662 804 siquando
2683 721 2769 787 30

401 827 724 893 euidenter
769 825 1054 910 intellegi
1099 824 1247 889 deus
1290 824 1498 890 uoluit
1543 841 1775 909 magna
1817 842 1999 908 opera
2043 844 2080 890 a
2122 843 2189 890 se
2235 826 2506 906 patrari,
2555 826 2666 889 aut

348 949 510 1013 sper
567 946 796 1011 paucos
855 929 965 993 aut
1020 946 1127 1010 per
1186 928 1431 993 infimos
1486 929 1626 992 acta
1686 945 1786 993 res
1846 930 1976 1007 est,
2044 946 2122 993 ne
2179 944 2332 1011 opus
2380 926 2663 993 caelestis

401 1033 690 1098 dexterae
738 1029 966 1096 uirtuti
1011 1030 1443 1114 adsignaretur
1487 1030 1809 1097 humanae.
1886 1029 2025 1095 ideo
2084 1029 2388 1113 siquidem
2435 1033 2498 1095 et
2541 1029 2664 1094 dux

401 1134 631 1216 Sisara,
666 1154 854 1218 quem
886 1135 1211 1200 Hebraeus
1246 1133 1561 1200 tremebat
1591 1133 1914 1214 exercitus,
1954 1153 1990 1200 a
2019 1135 2283 1201 muliere
2315 1135 2662 1216 prostratus

402 1242 514 1316 est,
563 1243 628 1304 et
659 1237 1032 1306 Abimelech
1060 1237 1392 1304 ciuitatum
1423 1239 1912 1322 expugnatorem
1941 1238 2215 1305 feminea
2257 1257 2479 1305 manus
2525 1256 2664 1321 per-

366 1398 371 1405 .
403 1343 559 1408 culit
605 1344 668 1409 et
710 1342 975 1408 ferratae
1006 1343 1405 1425 Assyriorum
1453 1340 1612 1406 acies
1658 1340 1850 1406 uidua
1894 1342 2244 1423 opitulante
2287 1341 2661 1407 cecideruut.

330 1469 384 1508 ιο
405 1451 466 1511 et
513 1465 590 1512 ne
635 1446 712 1511 de
759 1445 906 1511 solis
951 1449 1198 1511 tantum
1243 1443 1494 1509 feminis
1540 1445 1789 1527 loquar,
1837 1442 2128 1509 Benedad
2174 1462 2386 1528 regem
2432 1444 2665 1527 Syriae,
2684 1443 2764 1509 31

405 1549 507 1613 cui
550 1551 797 1632 praeter
856 1549 1182 1613 innumera
1235 1547 1450 1631 populi
1496 1548 1592 1612 sui
1650 1547 1828 1612 milia
1885 1545 2146 1628 triginta
2206 1548 2269 1612 et
2322 1545 2441 1612 duo
2486 1563 2664 1631 reges

402 1650 836 1734 exercitusque
882 1650 1163 1716 eiusdem
1208 1650 1456 1715 numeri
1500 1649 1882 1729 seruiebant‚
1936 1666 2138 1716 nonne
2182 1650 2323 1714 ideo
2368 1668 2405 1714 a
2448 1648 2663 1731 paucis

398 1753 762 1835 principum
806 1752 1189 1838 pedissequis
1222 1754 1509 1819 dominus
1538 1751 1710 1818 uinci
1739 1753 1962 1832 uoluit,
2008 1755 2081 1817 ut
2125 1752 2232 1835 qui
2260 1753 2424 1818 esset
2455 1755 2667 1819 auctor

404 1857 549 1922 talis
596 1857 901 1923 uictoriae
946 1858 1351 1923 nosceretur?
1397 1857 1618 1922 contra
1660 1856 2048 1932 Madianitas
2094 1874 2370 1940 quoque,
2419 1856 2545 1940 qui,
2593 1861 2667 1921 ut
2686 1857 2769 1923 32

331 1982 388 2023 1⁵
404 1963 564 2028 liber
610 1961 900 2026 Iudicum
944 1960 1166 2040 refert,
1225 1960 1425 2026 instar
1468 1961 1854 2026 locustarum
1909 1961 2134 2025 cuncta
2179 1959 2667 2042 compleuerant,

406 2062 655 2129 Gedeon
699 2064 949 2129 iubetur
992 2082 1268 2148 pugnare
1315 2083 1456 2129 cum
1502 2066 1737 2147 paucis,
1785 2083 1907 2129 non
1943 2063 2088 2146 quia
2133 2065 2344 2144 plures
2390 2064 2452 2127 in
2498 2081 2668 2146 exer-

406 2166 536 2231 citu
582 2181 705 2230 non
749 2167 1038 2244 haberet,
1108 2168 1215 2231 sed
1274 2167 1522 2232 uetatur
1567 2167 1801 2231 multos
1860 2166 1938 2229 ad
1985 2164 2221 2231 bellum
2279 2166 2497 2229 ducere
2516 2212 2530 2240 ,
2590 2183 2667 2228 ne

405 2269 747 2335 multitudo
793 2269 914 2333 sibi
957 2270 1156 2352 possit
1203 2268 1438 2351 aliquid
1485 2269 1560 2333 de
1606 2269 1871 2333 uictoria
1917 2267 2252 2332 uindicare.
2313 2266 2474 2331 unde
2523 2283 2667 2330 cum

407 2374 671 2456 triginta
717 2375 1103 2438 armatorum
1147 2372 1324 2437 milia
1383 2373 1851 2455 congregasset,
1913 2369 2004 2434 sic
2058 2370 2136 2434 ad
2194 2387 2334 2434 eum
2381 2367 2665 2433 dominus

336 2480 653 2544 eolocutus
703 2482 823 2543 est:
884 2477 1184 2543 multus
1228 2476 1349 2541 est
1394 2480 1651 2539 tecum
1697 2473 2060 2557 populuS,
2121 2490 2259 2537 nec
2302 2471 2668 2536 tradetur

408 2582 726 2647 Madian
772 2584 848 2647 in
893 2600 1162 2647 manus
1209 2580 1391 2644 eius.
1439 2580 1505 2645 et
1547 2578 1697 2660 quid
1742 2580 1999 2659 postea?
2064 2574 2304 2641 homini
2335 2575 2770 2644 aduersum33

407 2684 733 2749 innumera
776 2683 1179 2749 barbarorum
1226 2682 1405 2748 milia
1448 2682 1803 2767 pugnaturo
1850 2681 2160 2746 trecentos
2203 2682 2456 2744 tantum
2502 2680 2667 2745 uiros

404 2786 680 2869 reliquit.
769 2787 834 2851 in
891 2805 1027 2852 eam
1085 2786 1309 2869 quippe
1377 2784 1785 2867 exiguitatem
1843 2783 2045 2867 redigi
2103 2800 2329 2865 agmen
2386 2780 2667 2847 militum

411 2888 613 2968 iussit,
662 2892 734 2953 ut
778 2888 896 2954 sibi
927 2892 1002 2955 de
1034 2890 1282 2972 patrato
1315 2888 1616 2954 diuinitus
1663 2886 1814 2953 belli
1846 2906 2029 2971 opere
2060 2884 2341 2969 paucitas
2369 2902 2669 2968 usurpare

332 2993 502 3058 esnil
546 2993 770 3074 posset.
863 2992 1122 3075 denique
1169 3011 1276 3058 cur
1321 2992 1436 3057 hoc
1481 2993 1765 3057 dominus
1811 2991 1903 3055 ita
1948 2989 2194 3067 faceret,
2246 2988 2375 3070 ipse
2421 2988 2669 3053 euiden-

411 3096 651 3161 tissime
707 3095 1056 3163 declarauit
1113 3097 1358 3161 dicens:
1425 3114 1514 3159 ne
1575 3091 1980 3178 glorietur
2041 3091 2316 3157 contra
2374 3111 2492 3156 me
2549 3092 2669 3155 Is·

615 3299 647 3352 6
684 3298 850 3353 Iudic.
886 3298 923 3351 4
1080 3298 1115 3352 8
1149 3296 1325 3353 Iudic.
1360 3296 1394 3350 9
1558 3296 1623 3349 10
1657 3294 1750 3350 ΙΙΙ
1783 3296 1914 3365 Reg.
1950 3296 2019 3350 20
2193 3294 2262 3349 14
2295 3294 2464 3349 Iudic.
2502 3295 2532 3350 7

406 3384 478 3438 20
512 3384 683 3440 Iudic.
720 3384 769 3448 7,
806 3383 840 3436 2

513 3574 550 3628 4
584 3576 795 3642 patrare
831 3573 885 3626 A
1074 3571 1106 3624 5
1145 3570 1382 3624 infirmos
1418 3585 1486 3626 ex
1522 3568 1604 3623 ed.
1627 3585 1716 3637 pr.
1741 3568 2001 3623 Halmius
2035 3570 2087 3637 (v
2121 3583 2255 3624 uero
2280 3573 2345 3623 ut
2379 3567 2493 3621 AB
2511 3567 2672 3623 habet

408 3659 641 3729 infimos)
849 3674 932 3713 res
967 3659 1089 3712 acta
1122 3657 1275 3725 B(T)
1476 3656 1516 3725 ‚6
1550 3655 1752 3708 uirtuti
1787 3670 1857 3709 ex
1889 3654 2091 3709 uirtute
2125 3654 2180 3708 A
2216 3668 2353 3709 corr.
2388 3670 2454 3709 m.
2494 3656 2534 3708 2

412 3745 443 3799 7
497 3747 696 3800 sisarra
749 3745 803 3798 A
1008 3744 1043 3798 8
1096 3743 1327 3798 feminea
1373 3759 1442 3798 ex
1487 3741 1686 3811 femine
1720 3741 1777 3794 A
1814 3756 1949 3795 corr.
1985 3757 2056 3795 m.
2091 3744 2128 3796 2
2337 3739 2403 3794 10
2455 3738 2671 3795 feminis

411 3834 624 3885 tantum
671 3831 726 3885 Β
937 3831 999 3885 11
1049 3832 1105 3884 et
1149 3830 1384 3899 triginta
1432 3829 1487 3883 Β
1698 3827 1763 3880 12
1807 3826 2063 3900 exercitus
2107 3841 2241 3895 quae
2286 3824 2382 3880 sed
2417 3841 2450 3878 a
2476 3830 2672 3894 punct.

413 3918 467 3971 A
677 3918 741 3971 13
793 3916 982 3985 p&isse
1037 3915 1158 3984 quis
1210 3931 1393 3984 super,
1431 3914 1477 3968 δι
1527 3928 1628 3968 scr.
1676 3911 1711 3965 d
1745 3928 1812 3966 m.
1850 3915 1890 3967 2
1941 3913 1995 3966 A
2204 3911 2270 3966 15
2321 3912 2671 3981 locustarum]

410 4002 590 4057 ‘immo
624 4002 974 4057 lucustarum’
1008 4001 1269 4055 Halmius
1478 4000 1544 4054 16
1578 4015 1684 4053 non
1721 3998 1776 4052 Β
1811 4014 1853 4051 s.
1889 3998 1926 4052 l.
2138 3997 2202 4051 17
2239 3997 2401 4053 habet
2436 3997 2483 4049 A
2518 3996 2673 4053 haud

407 4086 523 4141 acio
559 4103 635 4140 an
656 4091 811 4141 -recte
1002 4086 1067 4140 19
1103 4086 1517 4155 congregassent
1550 4084 1607 4137 A
1798 4082 1865 4137 22
1902 4082 2126 4138 trecenti
2165 4098 2210 4137 3.
2245 4083 2266 4137 i
2300 4098 2403 4139 scr.
2443 4098 2502 4137 os
2537 4099 2608 4137 m.
2632 4084 2673 4138 2

412 4171 470 4223 A
643 4171 712 4225 23
746 4170 979 4240 reliquid
1015 4186 1181 4240 super
1216 4170 1250 4223 d
1286 4185 1388 4226 scr.
1412 4172 1438 4224 t
1472 4185 1542 4224 m.
1571 4171 1611 4223 2
1645 4168 1702 4223 A
1873 4168 1943 4223 24
1964 4167 2196 4237 patratis
2220 4167 2276 4222 A
2449 4167 2515 4223 25
2551 4183 2675 4237 pos·

413 4258 498 4311 set
533 4272 603 4312 ex
636 4258 808 4326 possit
841 4258 898 4311 A
933 4273 1075 4313 corr.
1112 4273 1183 4311 m.
1220 4259 1261 4310 2
1467 4256 1682 4322 faceret,
1719 4254 1800 4309 ita
1834 4255 1891 4309 B
