3380 4919
1055 283 1131 338 de
1165 283 1445 355 gubern.
1481 285 1591 340 dei
1638 284 1761 341 1111
1798 289 1829 351 5
1863 286 2019 344 3-8.
2581 289 2667 358 65

401 478 658 542 sanctus
717 492 833 540 nec
889 473 1077 540 fidem
1143 472 1398 557 quidem
1461 472 1634 541 dicat
1698 474 2061 542 hominibus
2104 474 2474 544 Christianis
2499 524 2503 529 -
2529 480 2666 545 sine

401 578 694 665 operibus
741 577 921 644 bonis
960 594 1141 660 posse
1183 579 1499 659 prodesse.
1568 581 1632 644 et
1672 578 1904 662 utique
1931 579 2134 645 multo
2161 580 2304 663 plus
2332 581 2433 647 est
2475 579 2662 648 fidem

403 681 663 748 habere·
698 698 892 763 quam
956 685 1221 766 nomen,
1288 682 1435 764 quia
1486 694 1712 747 nomen
1777 681 2158 749 uocabulum
2216 683 2314 749 est
2365 682 2661 763 hominis,

400 785 555 851 fides
615 786 831 852 autem
893 784 1133 849 fructus
1195 784 1294 849 est
1348 786 1600 850 mentis.
1668 787 1735 850 et
1776 788 1995 857 tamen
2051 786 2222 852 huno
2261 786 2470 869 ipsum
2514 785 2689 853 fidei·

360 889 703 954 zfructum'
750 887 1215 953 infructuosum
1294 886 1612 972 apostolus
1679 888 1823 954 sine
1906 887 2236 973 operibus‘
2275 888 2455 957 bonis
2507 906 2664 956 esse

400 993 675 1058 toetatur
739 990 986 1056 dicens:
1053 989 1260 1056 fides
1323 990 1494 1056 sine
1559 992 1944 1075 operibus
2010 996 2322 1059 mortua
2388 995 2522 1060 est.
2598 997 2664 1060 et

400 1096 671 1161 iterum:
734 1094 956 1160 sicut
1020 1096 1227 1159 enim
1295 1111 1583 1178 corpus
1647 1094 1817 1161 sine
1869 1095 2208 1178 spiritu,
2273 1096 2399 1163 sic
2451 1097 2663 1164 fides

403 1199 569 1264 sine
610 1197 985 1283 operibus
1029 1197 1266 1263 bonis
1302 1198 1627 1265 mortua
1668 1200 1809 1264 est.
1869 1196 2045 1264 addit
2081 1216 2325 1283 quoque
2352 1202 2665 1284 asperiora

403 1301 710 1385 quaedam
734 1301 833 1368 «ad
876 1300 1337 1368 confundendos
1383 1318 1507 1379 eos,
1552 1302 1671 1385 qui·
1693 1302 1815 1371 sibi
1858 1304 2367 1385 praesumptione
2396 1303 2664 1372 Christi-

340 1428 388 1468 ιο
400 1424 554 1472 anae
595 1404 740 1471 fidei
784 1406 1217 1472 blandiuntur.

485 1527 570 1591 ΙΙ.
639 1526 761 1594 Sed
819 1526 978 1592 dicit
1032 1525 1293 1609 aiiquis:
1348 1527 1422 1592 tu
1454 1525 1653 1592 fidem
1697 1525 1889 1592 habes
1934 1529 1997 1593 et
2043 1543 2156 1612 ego
2200 1528 2387 1610 opera
2428 1527 2660 1594 habeo:
2681 1525 2719 1591 7

403 1631 657 1695 ostende
700 1629 859 1696 mihi
898 1629 1039 1694 sine
1096 1629 1387 1712 operibus
1435 1628 1625 1695 fidem
1669 1629 1852 1695 tuam
1894 1632 1959 1694 et
2004 1646 2116 1715 ego
2159 1629 2493 1697 ostendam
2535 1631 2659 1697 tibi

403 1751 473 1798 ex
517 1733 801 1815 operibns
844 1732 1034 1798 fidem
1078 1748 1301 1798 meam.
1368 1749 1488 1815 quo
1531 1730 1900 1815 utiquehoc
1943 1731 2196 1812 indicat,
2242 1735 2420 1799 actus
2461 1733 2662 1800 bonos

403 1836 788 1903 Christianae
832 1835 983 1929 fidei,
1023 1836 1203 1919 quasi
1246 1836 1445 1902 testes
1490 1853 1642 1915 esse,
1690 1837 1841 1919 quia
1885 1834 2277 1903 Christianus
2321 1836 2447 1902 nisi
2465 1838 2663 1927 'opera

342 1937 565 2004 1⁵bona
608 1928 844 2016 fecerit,
886 1938 1080 2004 fidem
1120 1958 1299 2006 suam
1343 1939 1594 2023 penitus
1625 1939 1968 2023 adprobare
2001 1959 2126 2006 non
2168 1941 2390 2023 possit,
2437 1959 2510 2007 ac
2552 1960 2663 2026 per

402 2044 515 2110 hoc
559 2047 723 2126 quod
765 2045 1027 2127 probare
1074 2061 1201 2107 non
1243 2043 1456 2109 ualeat
1499 2043 1649 2127 quia
1693 2043 1811 2120 sit,
1867 2045 1956 2109 sic
2003 2045 2254 2108 omnino
2298 2043 2662 2110 habendum

403 2165 531 2213 esse
585 2147 763 2231 quasi
806 2163 927 2212 non
970 2146 1075 2237 sit.
1126 2164 1293 2212 ‘nam
1336 2164 1525 2229 quam
1568 2164 1681 2229 pro
1741 2147 1918 2212 nullo
1962 2147 2081 2212 hoc
2122 2147 2485 2213 habendum
2530 2147 2663 2212 exi·-

400 2252 714 2331 stimaret‚
759 2250 828 2315 in
870 2248 1140 2316 subditis
1184 2250 1404 2314 statim
1446 2250 1582 2332 ipse
1625 2248 2049 2328 domonstrat,
2096 2247 2308 2316 dicens
2353 2249 2434 2315 ad
2477 2249 2660 2316 Chri-

400 2355 703 2421 stianum:
768 2356 852 2419 tu
910 2351 1170 2420 credis
1228 2353 1412 2435 quia
1468 2370 1675 2417 unus
1721 2352 1844 2417 est
1885 2356 2086 2419 deus.
2163 2354 2357 2419 bene
2415 2353 2666 2419 facist·

341 2462 478 2525 met
521 2459 939 2525 daemones
985 2455 1317 2523 credunt
1346 2459 1420 2522 et
1452 2459 2123 2523 contremescunt.
2171 2455 2718 2536 consideremus,8

404 2562 550 2647 quid
594 2562 866 2628 uoluerit
907 2562 1024 2628 hoc
1065 2561 1200 2627 loco
1245 2561 1563 2646 apostolus
1606 2559 1833 2640 dicere,
1876 2578 1995 2626 nec
2036 2558 2383 2626 irascamur
2426 2558 2660 2626 diuinis

401 2664 780 2732 testimoniis
824 2664 932 2732 sed
975 2664 1450 2749 adquiescamus
1465 2713 1481 2745 ,
1537 2682 1650 2730 nec
1694 2662 2194 2730 contradicamus
2254 2663 2365 2729 sed
2409 2661 2662 2746 profici-2

403 2788 598 2835 amus.
687 2772 772 2835 tu
836 2788 960 2835 cre
976 2770 1015 2835 d
1031 2769 1129 2852 is,
1172 2767 1403 2851 ‘inquit
1469 2768 1548 2834 ad
1616 2765 2045 2852 Christianum
2110 2785 2310 2833 senno
2380 2766 2657 2841 diuinus,

403 2876 599 2956 quod
659 2871 843 2937 deus
898 2890 1101 2938 unus
1154 2872 1290 2936 est.
1357 2869 1555 2936 bene
1610 2870 1845 2937 facis:
1916 2874 1991 2937 ot
2035 2871 2453 2937 daemones
2495 2887 2660 2935 *creo

339 2976 594 3041 adunt
650 2976 726 3040 et
780 2972 1823 3057 contremescunt-‘numquid
1883 2974 2116 3039 errauit
2151 2974 2526 3059 apostoluS,
2586 2975 2666 3038 ut·

341 3072 344 3074 “
402 3080 672 3145 hominis
716 3076 1059 3144 Christiani
1121 3076 1309 3143 fidem
1378 3076 1664 3143 daemoni
1721 3079 2168 3161 compararet?
2232 3094 2357 3142 non
2411 3077 2657 3160 utique:

404 3182 512 3247 sed
555 3181 881 3247 ostendere
924 3180 1083 3248 illud
1129 3181 1340 3247 uolens
1356 3228 1374 3259 ‚
1433 3181 1597 3263 quod
1641 3197 1832 3263 supra
1874 3180 2117 3246 dictum
2160 3182 2284 3259 est,
2337 3180 2483 3263 quia
2526 3178 2659 3244 sine

405 3285 690 3368 operibus
747 3285 925 3351 bonis
969 3285 1129 3350 nihil
1172 3284 1294 3350 sibi
1336 3301 1446 3368 per
1486 3282 1633 3348 fidei
1677 3283 2085 3366 supercilium
2127 3297 2428 3367 usurpare
2469 3281 2660 3347 debe-

608 3471 642 3525 6
676 3470 782 3526 Iac.
819 3470 870 3538 2,
904 3469 974 3525 20
1129 3470 1159 3523 ‘1
1196 3470 1305 3525 Iac.
1340 3469 1391 3536 2,
1427 3468 1496 3523 26
1559 3468 1630 3523 cf.
1665 3468 1773 3523 Iac.
1810 3468 1860 3535 2,
1897 3469 1966 3524 18
2085 3467 2089 3472 '
2120 3467 2187 3521 19
2222 3466 2330 3523 Iao.
2366 3468 2417 3536 2,
2456 3467 2535 3523 19⁴

504 3627 539 3681 3
584 3630 671 3682 est
703 3625 1027 3681 uocabulum
1072 3625 1130 3680 B
1340 3624 1406 3679 12
1438 3624 1598 3679 fidem
1628 3624 1748 3679 sine
1783 3624 2033 3693 operibns
2068 3623 2126 3679 Β
2157 3622 2309 3693 (add.
2346 3622 2508 3677 fldem
2542 3638 2586 3678 a.
2619 3621 2660 3678 ἲ.

397 3718 526 3780 post
561 3713 722 3781 open]
907 3713 975 3767 13
1008 3711 1177 3766 bonos
1212 3726 1281 3766 ex
1315 3710 1486 3765 bonus
1520 3713 1576 3764 A
1600 3724 1754 3766 corr.
1776 3725 1847 3765 m.
1871 3725 1979 3766 rec.
2170 3710 2240 3765 14
2271 3708 2432 3764 testis
2466 3708 2524 3763 A

407 3798 472 3853 15
502 3798 754 3867 poenitus
789 3799 845 3853 A
1008 3796 1089 3851 *17
1125 3796 1224 3851 ‘cm
1245 3795 1624 3851 existimarit?
1661 3795 1953 3863 Helonius,-
1984 3794 2256 3862 facfflima
2278 3793 2499 3865 quidem
2511 3796 2659 3849 esset

406 3885 738 3953 mendatio,
781 3883 881 3941 scd
913 3898 1029 3939 non
1061 3882 1406 3951 mcessaria5
1457 3880 1530 3950 cf.
1568 3881 1624 3937 V
1648 3886 1687 3937 8
1711 3881 1895 3937 <meda
1944 3880 2022 3936 Bt
2058 3880 2274 3952 quidem
2318 3880 2509 3935 mirari
2542 3894 2660 3949 pos·

406 3970 533 4037 sim,
583 3972 729 4040 qnod
775 3970 875 4024 hoc
919 3983 1027 4024 non
1070 3983 1256 4024 omnes
1301 3969 1516 4024 omnino
1562 3968 1805 4028 facerent
2005 3967 2079 4022 20
2130 3965 2548 4022 contreniscunt
2587 3980 2662 4022 σω

405 4058 829 4112 contremescunt
862 4056 918 4110 A
951 4069 1095 4112 corr.
1118 4071 1189 4112 m.
1214 4068 1323 4109 rec.
1358 4056 1489 4110 item
1508 4054 1681 4123 paulo
1707 4058 1839 4124 post
1863 4054 1949 4110 bie
2040 4077 2044 4081 ·
2150 4052 2220 4108 22
2254 4052 2660 4124 adquiescamus

405 4155 501 4196 nec
543 4141 965 4197 contradicamus
1011 4154 1413 4196 ccc-escamnr
1456 4139 1842 4198 et—dicamm·
1876 4140 1933 4195 A
1964 4153 2109 4196 corr.
2137 4154 2215 4196 m·
2245 4139 2383 4206 rac-¹3
2427 4137 2557 4195 itan
2583 4136 2659 4192 26

405 4227 637 4283 hominis
673 4243 742 4283 cx
774 4228 1020 4283 homines

506 4332 665 4388 VIII.
2420 4329 2453 4382 5
