3380 4919
1159 309 1239 364 ad
1275 308 1627 364 ecclesiam
1673 306 1796 361 1111
1839 310 1869 370 ξ
1903 305 2148 361 44—50.
2183 330 2202 339 ι’
2651 307 2779 375 315

508 500 819 588 gaudii,
888 497 1495 568 sed‘maeroris.
1570 497 1730 562 dura
1792 496 1944 562 haec
2001 498 2068 560 et
2129 498 2590 563 austerasunt.
2666 498 2777 565 sed

516 608 664 690 quid
724 605 993 672 facimus
1009 608 1043 671 Ρ
1078 602 1084 609 ’
1115 622 1237 669 11011
1295 603 1443 669 licet
1487 620 1724 666 rerum..
1741 601 1985 665 mutare
2030 601 2309 677 naturae,
2357 602 2420 663 et
2466 602 2778 668 enuntiari

506 711 713 775 aliter·
742 709 975 774 ueritas
1021 726 1149 773 non
1189 708 1423 790 potest,
1460 724 1650 788 quam
1695 704 1802 769 uis
1837 704 1990 786 ipsa
2019 702 2214 786 exigit
2236 701 2564 769 ueritatis.
2621 704 2778 771 dura

510 813 670 877 haec
716 812 970 895 quidam
1012 809 1272 894 putant:
1320 808 1449 875 scio
1495 813 1559 873 et
1604 809 1762 873 satis
1807 806 2014 872 certus
2058 823 2248 873 sum..
2281 806 2390 871 sed
2423 807 2585 889 ¹quid
2619 805 2776 873 faci-

471 917 705 980 smus?
770 914 893 980 nisi
952 913 1126 979 duris
1178 913 1496 979 1101111111·-
1540 912 1619 977 ad
1663 929 1960 995 regnumz·
2024 910 2201 976 arta
2266 909 2503 988 enim,
2570 910 2778 993 inquit

506 1018 826 1096 dominus,
896 1016 1363 1101 et·angus·ta
1420 1015 1548 1080 uia
1609 1014 1796 1096 est„
1831 1031 2036 1094 q-uae
2091 1012 2460 1078 ducitad
2506 1014 2776 1079 uitam.

516 1126 580 1187 et
649 1121 965 1203 apostolus
1044 1118 1452 1198 existimo,
1522 1115 1749 1199 inquit,
1821 1115 2020 1200 quod
2084 1132 2235 1180 non
2265 1115 2463 1180 sint
2522 1116 2779 1182 condi-

513 1244 709 1309 gnae
751 1224 1157 1308 passion—es
1188 1222 1429 1299 huius
1465 1221 1851 1303 temporis
1881 1221 1973 1284 ad
2003 1218 2364 1299 futuram
2396 1219 2774 1305 gloriam,

508 1346 713 1411 quae
781 1325 1287 1391 reuelab'itur
1354 1323 1432 1389 in
1497 1323 1736 1393 noffibis.
1811 1321 2467 1404 indignum—essead
2527 1324 2776 1390 futurae

445 1453 498 1493 10
516 1430 747 1514 gloriae
816 1428 1317 1512 conparationem
1386 1445 1568 1493 omne
1598 1432 1790 1508 ⁴opus
1859 1424 2014 1490 dicit
2077 1425 2441 1490 humanum.
2501 1429 2583 1492 ¹et
2627 1427 2777 1505 fideo
2796 1428 2880 1496 48

516 1531 677 1596 nihil
707 1532 934 1598 durum
967 1533 1080 1596 aut
1106 1531 1428 1596 austerum
1461 1526 1838 1595 Christianis
1871 1527 2306 1609 uiderizdehet,
2339 1530 2778 1613 quia-Lquanta-

517 1632 675 1698 libet
718 1651 829 1717 pro
876 1633 1254 1716 sempiterna
1295 1630 1682 1696 beatitudine
1714 1629 1959 1696 Christo
1992 1630 2276 1715 offerant,
2322 1631 2451 1697 uile
2488 1634 2587 1698 est
2617 1634 2779 1716 quod

517 1737 726 1816 datur,
788 1737 900 1802 ubi
955 1738 1091 1803 tam
1137 1735 1370 1820 grande
1417 1736 1513 1800 est
1555 1736 1717 1817 quod
1764 1733 2085 1816 accipitur.
2164 1733 2324 1799 nihil
2368 1754 2667 1820 magnum
2712 1739 2779 1802 in

515 1841 702 1905 terris
748 1840 825 1906 ab
869 1840 1116 1906 homine
1162 1841 1274 1918 deo
1317 1839 1607 1931 soluitur,
1632 1837 1768 1931 ¹ubi
1814 1838 1978 1920 quod
2009 1838 2105 1902 est
2134 1838 2201 1903 in
2235 1839 2403 1903 caelo
2435 1839 2779 1906 maximum

448 1971 496 2012 ιε,
518 1930 912 2027 conparatur,
976 1930 1228 2026 durum‘
1249 1930 1346 2011 est
1385 1932 1595 2011 auaris
1627 1946 1700 2006 ut
1746 1942 2096 2027 largiantur
2125 1928 2259 2008 sua.
2323 1942 2780 2027 quid-mirum?

503 2049 727 2111 totum
790 2048 1016 2111 durum
1084 2049 1195 2111 est.
1244 2044 1553 2128 quidquid
1588 2044 1962 2128 ‚imperatur
2027 2043 2264 2110 inuitis,
2325 2063 2536 2127 paene
2578 2047 2779 2112 omnis
2796 2047 2881 2113 49

500 2166 720 2213 -sermo
764 2147 1018 2212 diuinus
1061 2147 1251 2211 habet
1295 2148 1593 2212 aemulos·
1617 2164 1777 2211 suos.
1807 2150 1991 2227 :quot
2027 2164 2264 2229 genera
2305 2151 2777 2230 praeceptorum

518 2250 665 2314 sunt
709 2250 806 2315 tot
848 2247 1365 2314 aduersariorum.
1429 2249 1483 2313 si
1528 2248 1895 2331 largitatem
1938 2265 2067 2312 esse
2098 2249 2164 2312 in
2208 2248 2574 2315 hominibus
2605 2249 2780 2316 iubet

520 2351 829 2436 domium,
897 2368 1123 2417 auarus
1188 2351 1510 2415 irascitur:
1581 2350 1636 2415 si
1686 2350 2134 2433 parsimoniam
2202 2351 2415 2436 exigit,
2483 2355 2778 2439 prodigus

447 2461 855 2526 mexecratur.
931 2473 1245 2520 sermones
1301 2472 1507 2521 sacros
1561 2453 1807 2536 inprobi
1852 2453 2064 2519 hostes
2110 2472 2255 2520 suos
2304 2453 2559 2522 ducunt.
2636 2456 2776 2523 hor-

518 2559 659 2624 rent
722 2559 1004 2639 raptores
1075 2557 1377 2640 quidquid
1436 2558 1512 2623 de
1570 2557 1819 2623 iustitia
1876 2557 2167 2623 scribitur
2229 2558 2482 2625 horrent
2526 2560 2779 2643 superbi

521 2662 821 2745 quidquid
887 2664 963 2727 de
1030 2661 1395 2726 humilitate
1463 2662 1831 2740 mandatur,
1901 2659 2309 2727 aduersantur
2377 2662 2605 2729 ebriosi
2671 2663 2779 2730 ubi

521 2764 821 2831 sobrietas
866 2763 1169 2830 indicitur
1214 2764 1609 2829 detestantur
1662 2762 1943 2845 inpudici
1988 2762 2099 2828 ubi
2145 2764 2399 2831 castitas
2443 2767 2779 2850 inperatur.

521 2870 632 2933 aut
675 2867 839 2933 nihil
894 2885 1036 2952 ergo
1084 2868 1410 2932 dicendum
1459 2870 1555 2931 est
1599 2870 1710 2932 aut
1755 2865 2054 2950 quidquid
2103 2868 2342 2934 dictum
2399 2869 2590 2935 fuerit
2648 2872 2780 2936 cui-

451 2995 503 3038 15
524 2987 789 3052 cumque
834 2968 1332 3052 supradictorum
1390 2967 1716 3034 hominum
1759 2968 2135 3050 displicebit.
2212 2972 2460 3037 mauult
2519 2972 2782 3055 quilibet

521 3071 816 3157 inprobus
884 3072 1155 3137 execrari
1225 3073 1430 3157 legem
1500 3091 1687 3155 quam
1755 3073 2083 3138 emendare
2151 3077 2424 3141 mentem
2439 3124 2456 3156 ‚
2533 3077 2782 3142 mauult

523 3177 860 3257 praecepta
919 3173 1118 3240 odisse
1176 3193 1362 3256 quam
1424 3174 1599 3242 uitia.
1675 3174 1843 3240 inter
1899 3175 2052 3241 haec
2111 3176 2261 3260 quid
2320 3181 2512 3261 agant
2555 3178 2885 3261 quibus50

522 3276 818 3360 loquendi
849 3294 887 3341 a
916 3274 1163 3342 Christo
1195 3277 1397 3343 officia
1440 3279 1862 3344 mandantur?
1905 3278 2015 3345 deo
2052 3279 2403 3366 displicent,
2449 3282 2501 3346 si
2546 3279 2780 3366 tacent,

523 3379 902 3457 hominibus,
948 3378 1003 3442 si
1032 3379 1390 3461 loquuntur.
1453 3379 1584 3460 sed,
1629 3383 1704 3445 ut
1733 3379 1979 3447 Iudaeis
2013 3382 2280 3464 apostoli
2306 3384 2777 3465 responderunt,

448 3510 500 3553 so
521 3484 771 3566 expedit
814 3483 1020 3565 magis
1066 3483 1178 3549 deo
1225 3479 1514 3549 oboedire
1560 3500 1749 3565 quam
1794 3482 2171 3549 hominibus.
2251 3484 2328 3549 do
2374 3488 2585 3551 tamen
2636 3502 2780 3550 con-

722 3654 755 3708 5
790 3654 992 3710 Matth.
1033 3655 1079 3720 7,
1122 3655 1189 3709 14
1395 3655 1425 3708 7
1462 3654 1612 3710 Rom.
1651 3655 1704 3722 8,
1743 3655 1809 3710 18
2016 3654 2083 3710 29
2119 3657 2238 3710 Act.
2274 3656 2307 3710 5

624 3809 655 3862 1
710 3808 932 3864 meroris
984 3809 1040 3863 Β
1244 3812 1280 3863 2
1331 3810 1603 3865 enuntiari
1652 3826 1721 3866 ex
1767 3826 1847 3865 -re
1882 3826 2025 3866 corr.
2066 3827 2133 3865 m.
2171 3813 2212 3865 2
2265 3811 2321 3866 Β
2525 3814 2560 3867 5
2610 3811 2783 3881 igitur

509 3899 709 3964 mmet.
766 3895 826 3964 ig
879 3895 935 3949 Β
1141 3897 1176 3950 6
1227 3910 1330 3965 que
1380 3898 1437 3952 A
1643 3897 1673 3950 7
1733 3897 1913 3966 inquit
1967 3912 2034 3952 eoe
2087 3896 2276 3966 inquid
2331 3897 2410 3951 bis
2462 3912 2604 3953 corr.
2643 3914 2712 3953 m.
2747 3901 2783 3953 2

516 3980 573 4035 Β
781 3984 912 4035 sunt
961 3980 1045 4036 ed.
1094 3979 1363 4036 Baluziuc
1566 3983 1602 4036 8
1648 3982 1913 4052 passionis
1957 3984 2013 4036 A
2066 3983 2337 4052 passiones
2385 3999 2455 4039 ex
2490 3985 2606 4038 -nis
2642 3999 2782 4042 corr.

516 4079 584 4118 m.
621 4068 657 4120 2
693 4066 749 4120 Β
960 4066 1025 4121 17
1068 4065 1210 4135 quod
1245 4067 1302 4121 A
1355 4070 1489 4135 quot
1524 4083 1591 4123 ex
1626 4068 1771 4138 quod
1807 4083 1949 4124 corr.
1986 4084 2055 4122 m.
2089 4072 2126 4124 2
2161 4070 2216 4123 Β
2422 4069 2488 4125 21
2528 4070 2783 4140 quicquid

517 4152 597 4206 bis
634 4151 691 4206 Β
896 4151 966 4207 22
1002 4154 1318 4207 auersantur
1352 4154 1761 4209 Rittershusius
1965 4154 2201 4209 hebriosi
2237 4157 2293 4209 Δ
2499 4157 2568 4211 28
2603 4156 2782 4212 officio

516 4238 572 4291 A
777 4238 847 4294 30
886 4236 1104 4308 obydire
1141 4241 1196 4293 Δ
1250 4238 1461 4295 obedire
1494 4240 1551 4295 Β
