3380 4919
2620 295 2719 352 XV

563 483 854 561 Codicis
922 485 963 559 b
1034 495 1119 558 ut
1184 482 1420 558 multo
1492 482 1797 558 minoris
1865 484 2078 582 pretii
2147 495 2218 558 et
2281 510 2415 582 per
2481 487 2720 560 uarias

457 605 1000 680 uicissitudines
1080 606 1177 678 ab
1258 603 1556 678 illorum
1636 603 1834 678 fonte
1920 600 2234 678 deriuati
2314 605 2719 703 scripturas

459 725 768 825 carptim
850 708 1137 799 tantum
1193 724 1618 815 memoraui,
1704 724 1981 800 scilicet
2056 724 2188 799 ubi
2259 716 2492 823 (quod
2544 748 2721 799 sane

456 871 626 920 raro
695 845 1097 939 admodum
1167 843 1439 946 euenit)
1488 855 1637 943 ¹aut
1702 844 1903 931 solus
1958 845 2360 944 genuinam
2414 871 2721 921 manum

459 966 783 1040 seruauit
856 956 991 1039 aut
1069 958 1236 1039 cum
1316 952 1634 1039 editione
1686 964 2243 1055 Baluziana,
2328 967 2445 1040 cui
2525 977 2720 1042 certe

457 1111 731 1183 magna
786 1112 874 1158 ex
926 1097 1133 1184 parte
1198 1112 1335 1185 pro
1412 1086 1891 1161 fundamento
1973 1087 2195 1162 fuisse
2251 1098 2534 1161 certum
2587 1098 2715 1182 est,

461 1206 821 1309 congr-uit·
851 1217 981 1285 aut
1033 1205 1348 1304 denique
1402 1206 1740 1282 editionis
1793 1208 2150 1308 principis
2205 1207 2718 1282 auctoritatem

461 1352 636 1401 sane
691 1326 1023 1422 exiguam
1078 1351 1352 1424 augere
1404 1325 1823 1407 uidebatur.

562 1498 974 1571 Instructus
1029 1497 1256 1595 igitur
1307 1497 1424 1571 his
1475 1498 1745 1572 talibus
1799 1498 2146 1573 subsidiis
2194 1497 2464 1573 criticis
2505 1502 2720 1597 (quo-

459 1644 625 1692 rum
677 1617 863 1715 ‘quis
916 1617 1053 1692 scit
1104 1645 1196 1691 an
1233 1618 1552 1692 adiciant
1602 1617 2004 1692 hodiernae
2042 1617 2354 1692 crastina
2390 1645 2723 1694 summae

463 1737 536 1810 di
589 1735 890 1837 superi’)
957 1736 1282 1812 Saluiani
1335 1737 1689 1835 opuscula
1741 1748 1910 1836 post
1961 1737 2326 1835 insignem
2381 1738 2720 1814 Caroli

459 1857 825 1932 Halmii
878 1884 1179 1957 operam
1216 1858 1502 1932 auctori
1544 1859 1622 1931 in
1660 1858 2000 1948 editione,
2061 1884 2212 1956 qua
2246 1860 2719 1935 Monumenta

463 1976 901 2053 Germaniae
984 1978 1333 2053 historica
1406 1977 1752 2078 (Berolini
1830 1982 1970 2053 187
1984 1975 2057 2084 7)
2136 1979 2550 2054 felicissime
2623 1992 2717 2072 et,

460 2109 545 2171 ut
596 2096 671 2170 in
724 2097 855 2171 tali
910 2096 1069 2174 uiro
1125 2098 1496 2199 expectari
1547 2100 1790 2198 potuit
1838 2112 1910 2175 et
1946 2101 2089 2176 deb
2101 2100 2221 2194 uit,
2279 2101 2720 2199 peritissime

462 2217 887 2317 auspicatus
942 2229 1071 2309 est,
1125 2231 1480 2291 nauatam
1533 2219 1970 2294 adornanda
2023 2222 2335 2320 suscepi.

563 2390 811 2489 Atque
882 2390 942 2463 si
1014 2415 1166 2463 non
1239 2401 1348 2464 est
1419 2389 1622 2488 quod
1685 2392 2069 2491 desperem
2119 2391 2277 2466 fore
2330 2403 2414 2465 ut
2467 2389 2721 2490 aequis

459 2510 975 2608 beniuolisque
1051 2509 1416 2585 iudicibus
1498 2537 1716 2610 opera
1792 2537 1959 2585 mea
2039 2510 2722 2610 quantulacumque

461 2643 630 2730 post
682 2643 836 2704 tam
885 2631 1196 2729 insignis
1260 2631 1401 2705 uiri
1453 2632 1959 2707 recensionem
2012 2633 2106 2706 ad
2163 2644 2539 2707 auctorem
2593 2631 2722 2705 ali-

463 2779 687 2850 quam
765 2752 1016 2826 multis
1095 2751 1275 2826 locis
1351 2753 1463 2826 sui
1535 2753 1963 2838 similiorem
2035 2752 2499 2828 reddendum
2570 2777 2722 2825 non

461 2871 644 2946 nihil
697 2871 1027 2947 attulisse
1078 2871 1375 2947 uidear:
1437 2870 1697 2947 ‘totum
1766 2874 2094 2947 muneris
2148 2874 2290 2947 hoc
2345 2871 2471 2947 est’
2531 2871 2722 2947 Aca-

465 2992 748 3066 demiae
816 2992 1376 3065 inlustrissimae
1437 2991 2061 3086 Vindobonensis,
2136 3018 2320 3091 quae
2391 2991 2718 3066 subsidia

465 3111 718 3187 critica
802 3112 1160 3210 singulari
1243 3105 1687 3202 liberalitate
1725 3195 1728 3200 .
1767 3125 1839 3188 et
1926 3112 2458 3188 officiosissime
2537 3112 2719 3185 mihi

465 3232 1064 3332 suppeditauerit,
1095 3231 1427 3307 uirorum
1455 3234 2068 3328 doctissimorum,
2100 3234 2463 3333 quosiam
2492 3258 2718 3333 supra

462 3363 548 3425 ut
600 3351 875 3451 optime
931 3352 1019 3426 de
1073 3352 1335 3427 studiis
1388 3354 1588 3429 hisce
1623 3354 1925 3429 meritos
1976 3353 2301 3446 laudaui,
2357 3354 2430 3427 in
2464 3354 2722 3453 primis

464 3498 641 3547 uero
724 3471 1079 3548 Guilelmi
1156 3473 1579 3547 Hartelii
1656 3474 2277 3558 Vindobonensis,
2363 3473 2492 3572 qui
2568 3500 2722 3548 non

465 3591 703 3666 solum
782 3593 859 3667 in
934 3593 1249 3693 plagulis
1324 3592 1818 3691 corrigendis
1849 3604 2115 3693 sponte
2183 3619 2304 3667 me
2372 3593 2721 3667 adiuuare

465 3712 599 3786 sed
651 3712 868 3787 etiam
920 3713 1311 3788 haesitanti
1364 3713 1734 3787 dubitanti
1789 3714 2061 3787 erranti
2112 3739 2259 3812 quo
2301 3724 2411 3788 est
2446 3712 2722 3811 ingenii

465 3833 825 3927 acumine,
899 3859 1048 3932 qua
1118 3833 1567 3933 scriptorum
1630 3832 2297 3909 ecclesiasticorum
2348 3829 2721 3906 familiari-

463 3964 637 4046 tate,
720 3980 870 4052 qua
950 3954 1264 4052 denique
1317 3979 1694 4053 propensa
1761 3954 1838 4028 in
1907 3981 2029 4028 me
2101 3954 2477 4028 uoluntate
2551 3979 2722 4028 cum

464 4073 1094 4149 admonitionibus
1159 4086 1319 4148 tum
1376 4074 2013 4149 emendationibus
2067 4074 2499 4172 gratissimis
2556 4099 2723 4149 suc-

466 4218 757 4268 currere
811 4194 1149 4268 uoluerit.
