3380 4919
665 307 750 373 60
1630 301 1948 357 8611116111

666 512 918 559 11611116
962 491 1258 558 (11111166
1301 510 1440 574 per
1483 489 1921 573 potentiam
1951 490 2412 573 opprimunt
2455 490 2633 556 uos?
2675 507 2932 575 nonne,

664 596 822 679 ipsi
888 596 1457 680 blasphemant
1509 596 1783 660 bonum
1839 613 2143 673 nomen,
2213 594 2411 676 quod
2475 593 2926 659 inuocatum

563 696 647 764 53
666 701 782 765 661
836 718 1072 783 super
1127 702 1311 763 uos?
1399 715 1591 782 graue
1635 697 1756 762 hoc
1799 697 2064 780 apostoli
2119 695 2554 762 testimonium
2614 697 2740 773 est,
2797 695 2922 761 nisi

551 1518 638 1588 54

546 2236 631 2306 55

537 3368 622 3437 56

662 801 821 867 forte
864 802 1172 870 immunes
1218 820 1285 866 66
1330 803 1409 868 ab
1455 819 1524 866 eo
1568 800 1812 866 nobiles
1857 802 2103 883 putent,
2152 799 2298 883 quia
2341 800 2488 864 sunt
2531 798 2647 864 soli
2692 800 2922 865 diuites

659 906 984 971 nominati.
1075 906 1182 971 sed
1248 904 1359 969 aut
1413 903 1579 969 idem
1635 907 1783 968 sunt
1839 903 2077 968 nobiles
2124 904 2233 986 qui
2289 904 2353 967 et
2396 903 2654 982 diuiteS‚
2714 904 2823 968 aut
2867 904 2922 970 si
2964 927 2993 969 ⁵

658 1013 807 1075 sunt
850 1010 1078 1075 diuites
1125 1012 1370 1092 praeter
1413 1007 1686 1088 nobileS‚
1736 1010 1799 1070 et
1844 1008 1961 1090 ipsi
2007 1009 2220 1071 tamen
2264 1005 2393 1071 iam
2439 1006 2618 1088 quasi
2662 1006 2919 1087 nobileS,

659 1112 807 1194 quia
861 1113 1040 1177 tanta
1095 1113 1190 1177 est
1243 1110 1498 1177 miseria
1556 1110 1746 1174 huius
1806 1110 2135 1192 temporiS,
2204 1111 2276 1173 ut
2343 1109 2554 1173 nullus
2613 1110 2922 1174 habeatur

656 1215 858 1297 magis
888 1214 1116 1280 nobilis
1149 1232 1334 1297 quam
1379 1214 1487 1296 qui
1534 1217 1629 1278 est
1674 1211 2019 1295 plurimum
2051 1211 2250 1295 diues.>
2292 1215 2397 1277 sed
2429 1211 2560 1275 siue
2605 1213 2680 1277 de
2725 1212 2919 1277 alter-

655 1316 815 1382 utris
872 1317 1006 1382 siue
1063 1322 1138 1384 de
1185 1315 1467 1400 utrisque
1528 1317 1848 1399 apostolus
1910 1315 2165 1396 dixerit,
2224 1314 2408 1379 facile
2468 1315 2543 1379 de
2587 1315 2705 1382 hoc
2750 1335 2919 1382 com-

655 1422 802 1504 poni
845 1423 1083 1505 potest;
1132 1439 1253 1485 non
1301 1419 1468 1485 enim
1514 1418 1796 1498 interest,
1843 1419 1919 1483 de
1966 1437 2088 1501 qua
2132 1418 2249 1484 hoc
2293 1416 2695 1500 potissimum
2739 1423 2988 1502 partem

657 1527 891 1591 dictum
942 1527 1045 1602 sit,
1093 1526 1256 1606 quod
1299 1523 1549 1605 utrique
1596 1525 1839 1586 certum
1886 1523 1982 1586 est
2027 1523 2375 1587 conuenire.
2423 1523 2562 1604 quis
2596 1521 2764 1587 enim
2810 1522 2916 1587 uel

655 1630 960 1695 nobilium
996 1629 1247 1694 omnino
1280 1627 1383 1692 uel
1414 1625 1687 1691 diuitum
1731 1627 1987 1691 horrens
2020 1626 2328 1691 crimina?
2383 1625 2670 1709 quamuis
2703 1624 2768 1688 in
2798 1625 2916 1691 1166

654 1732 1022 1811 fefellerim3
1068 1731 1256 1796 multi
1290 1730 1470 1794 euim
1515 1729 1768 1794 horrent
1814 1729 1927 1793 sed
1956 1728 2322 1813 paucissimi
2352 1730 2613 1794 euitant.
2659 1730 2725 1793 in
2769 1728 2911 1792 aliis

654 1837 882 1918 quippe
926 1835 1180 1899 horrent
1211 1834 1372 1915 quod
1402 1832 1470 1896 in
1501 1851 1567 1898 66
1600 1851 1847 1914 semper
1882 1833 2250 1911 admittunt,
2299 1833 2530 1898 mirum
2559 1833 2624 1896 in
2655 1833 2913 1896 modum

650 1936 716 1999 et
762 1937 1147 2000 accusatores
1193 1935 1527 1998 eorundem
1574 1933 1905 1997 criminum
1953 1937 2016 1997 et
2070 1938 2471 1999 exsecutores.
2548 1935 2912 2000 execrantur
2931 1959 2981 2002 15

650 2038 900 2119 publice
959 2037 1121 2120 quod
1178 2035 1416 2101 occulte
1473 2040 1701 2117 agunt,
1771 2055 1842 2100 ac
1895 2056 2007 2120 per
2063 2036 2210 2114 hoc,
2285 2038 2439 2102 dum
2494 2037 2786 2103 damnare
2844 2057 2909 2102 se

651 2143 880 2205 ceteros
932 2143 1188 2224 putant,
1257 2140 1421 2220 ipsos
1482 2157 1548 2203 se
1610 2141 1810 2221 magis
1866 2140 2114 2223 propria
2169 2140 2701 2207 animaduersione
2762 2161 2910 2207 con-

648 2245 962 2310 demnant.
1013 2244 1121 2310 sed
1166 2243 1594 2324 relinquamus
1638 2244 1819 2320 istos,
1866 2245 1970 2325 qui
2015 2245 2213 2326 magis
2259 2246 2348 2309 rei
2394 2246 2559 2310 sunt.
2629 2246 2766 2329 quis
2812 2245 2911 2310 est

648 2345 753 2410 uel
796 2345 970 2410 diues
1035 2346 1283 2412 omnino
1341 2346 1443 2410 uel
1500 2344 1734 2409 nobilis
1792 2348 1902 2411 aut
1947 2347 2365 2412 innocentiam
2420 2367 2673 2413 seruans
2719 2352 2829 2414 aut
2873 2369 2910 2414 a

648 2446 887 2515 cunctis
947 2449 1283 2516 sceleribus
1338 2436 1562 2514 manus
1623 2448 1997 2517 abstinens?
2083 2470 2459 2534 quamquam
2519 2453 2823 2534 superflue
2871 2472 2978 2517 aso

647 2552 886 2618 cunctis
933 2553 1229 2619 dixerim:
1290 2552 1538 2617 utinam
1581 2555 1687 2617 uel
1751 2571 1787 2617 a
1832 2554 2148 2633 maximis,
2207 2556 2351 2637 quia
2410 2557 2630 2619 uolunt
2674 2555 2794 2621 sibi
2840 2556 2907 2620 id
2983 2569 2989 2574 ·

642 2657 802 2722 forte
846 2659 1113 2722 maiores
1160 2656 1339 2739 quasi
1384 2655 1704 2740 priuilegii
1748 2655 2067 2720 uindicare
2086 2707 2104 2740 ‚
2165 2659 2237 2720 ut
2293 2659 2425 2721 iure
2484 2675 2595 2722 suo
2642 2657 2905 2723 crimina

643 2760 752 2824 uel
794 2760 1036 2825 minora
1081 2760 1501 2824 committant.
1577 2761 1786 2842 itaque
1849 2760 1923 2823 de
1969 2759 2243 2840 peccatis
2305 2760 2687 2824 facilioribus
2745 2760 2904 2824 nihil

644 2862 803 2926 dico.
881 2861 1205 2928 uideamus
1253 2861 1309 2925 si
1355 2862 1462 2926 uel
1505 2881 1542 2926 a
1583 2864 1821 2952 duobus
1873 2862 2006 2927 illis
2064 2863 2239 2944 quasi
2297 2862 2670 2946 capitalibus
2717 2864 2902 2929 malis

644 2964 812 3028 ullus
859 2964 1159 3031 immunis
1205 2965 1322 3044 est,
1370 2964 1436 3028 id
1482 2969 1574 3030 est
1623 2966 1726 3030 uel
1771 2965 1848 3029 ab
1894 2965 2233 3030 homicidio
2280 2967 2380 3031 uel
2411 2985 2447 3032 a
2483 2968 2715 3049 stupro.
2762 2968 2971 3051 (1111665

644 3068 814 3132 6111111
860 3070 954 3134 661
1001 3070 1112 3134 6111
1155 3069 1429 3133 humano
1475 3070 1776 3152 sanguine
1822 3088 1945 3133 non
1993 3071 2285 3135 cruentus
2332 3075 2440 3135 aut
2476 3088 2734 3136 caenosa
2776 3071 2901 3135 im·
2971 3086 2980 3089 ’

643 3170 919 3251 puritate
948 3190 1071 3237 uon
1104 3171 1432 3237 sordidus?
1465 3191 1660 3236 unum
1694 3172 1948 3255 quidem
1972 3191 2045 3236 ex
2068 3173 2164 3237 his
2189 3176 2266 3238 ad
2291 3192 2552 3256 poenam
2582 3178 2901 3240 aeternam

641 3273 911 3358 sufficit,
971 3278 1078 3341 sed
1134 3294 1321 3357 prope
1383 3274 1598 3339 nullus
1666 3276 1939 3341 diuitum
1999 3295 2123 3342 non
2168 3279 2501 3359 utrumque
2564 3277 2900 3344 commisit,

725 3376 838 3442 XI.
887 3375 1006 3442 Sed
1063 3379 1298 3461 cogitat
1343 3377 1502 3441 forte
1549 3378 1771 3460 aliquis
1818 3380 1893 3444 de
1937 3380 2052 3444 hoc
2094 3399 2349 3446 numero
2370 3404 2396 3447 2
2433 3398 2546 3461 ego
2591 3380 2721 3446 iam
2775 3382 2899 3446 ista

638 3497 762 3543 non
806 3480 988 3546 facio.
1065 3483 1278 3559 laudo,
1336 3480 1390 3545 si
1436 3498 1563 3547 non
1608 3482 1794 3558 facis,
1853 3484 1962 3548 sed
2006 3486 2220 3549 tamen
2266 3484 2426 3548 forte
2483 3486 2628 3548 ante
2673 3483 2896 3569 fecisti,
2915 3506 2969 3547 66

737 3632 772 3684 3
807 3623 1178 3686 testimonium
1213 3632 1444 3702 apostoli
1480 3634 1562 3686 est
1597 3634 1652 3687 Β
1851 3636 1883 3688 5
1920 3636 2061 3689 idem
2088 3641 2315 3704 praeter
2349 3636 2458 3689 AB
2492 3638 2650 3690 etiam
2687 3655 2737 3705 v,
2783 3654 2898 3692 ‘non

635 3715 798 3770 iidem
822 3717 969 3786 quod
992 3718 1338 3774 Brassicano
1362 3717 1589 3773 debetur
1763 3720 1828 3774 12
1863 3720 1952 3774 uel
1987 3737 2052 3774 116
2085 3722 2141 3774 A
2317 3722 2381 3775 13
2416 3722 2635 3777 horrent
2670 3739 2737 3778 ecc
2773 3724 2895 3777 hor-

634 3804 762 3855 runt
796 3804 852 3856 A
887 3819 1024 3858 corr.
1061 3820 1131 3857 m.
1166 3806 1208 3858 2
1415 3803 1481 3858 14
1527 3804 1818 3859 immodum
1864 3805 1920 3858 A
2018 3831 2020 3835 ⁴
2127 3807 2191 3860 15
2239 3810 2513 3861 accusator
2554 3824 2666 3863 esse
2701 3810 2757 3863 A
2809 3826 2895 3863 ex-

633 3893 962 3943 accusatores
1018 3889 1075 3943 B
1263 3892 1591 3944 exsecutores
1648 3892 1940 3946 Hartelius
1996 3894 2248 3961 (propter
2300 3910 2440 3963 seqq.
2496 3896 2637 3964 quod
2690 3897 2895 3951 66611116

633 3976 861 4043 agant):
932 3976 1263 4030 excusatores
1316 3976 1438 4030 AB
1475 3976 1760 4046 Halmius,
2016 3982 2352 4035 exsecrantur
2412 3982 2468 4036 Β
2527 3989 2592 4037 ut
2641 3983 2755 4038 uid.

634 4060 701 4114 16
754 4061 1041 4129 dampnare
1094 4068 1148 4116 et
1189 4067 1321 4130 post
1374 4063 1768 4131 condempnant
1817 4065 1937 4131 fere
1987 4065 2187 4135 ubique
2195 4086 2217 4136 ;
2278 4082 2453 4136 quare
2503 4069 2567 4121 in
2611 4074 2895 4137 posterum

630 4146 768 4201 talia
801 4161 918 4199 non
951 4146 1228 4201 adnotabo
1438 4148 1500 4201 17
1548 4151 1750 4218 putant
1786 4149 1928 4219 ipsos
1964 4166 2019 4206 se
2056 4155 2253 4207 ceteros
2289 4154 2488 4221 putant
2524 4154 2664 4221 ipsos
2700 4153 2755 4205 Β

636 4230 705 4284 22
740 4230 1089 4300 priuilegium
1124 4232 1299 4288 dicare
1335 4234 1391 4288 Β
1595 4235 1662 4289 27
1700 4236 1942 4291 sordibus
1976 4239 2032 4292 A

750 4701 899 4804 χ.
