3380 4919
1189 335 1261 390 de
1298 334 1559 404 gubern.
1597 334 1704 389 dei
1741 335 1768 388 l
1805 340 1835 399 ξ
1872 335 2091 390 56-60.
2683 338 2765 404 29

514 527 604 592 eis
664 526 874 591 fuerit.
950 545 1098 591 nam
1155 543 1299 591 cum
1358 527 1650 591 uniuersa
1712 543 1865 608 gens
1910 525 2335 592 Hebraeorum
2397 528 2472 591 ad
2534 525 2649 591 hoc
2693 527 2767 591 de

510 628 799 713 Aegypto
834 628 1074 708 exierit,
1118 630 1190 694 ut
1221 632 1458 695 terram
1490 629 1980 711 repromissionis
2014 629 2297 707 intraret,
2344 631 2589 710 praeter
2619 630 2767 694 duos

513 735 759 799 tantum
808 735 1055 799 sanctos
1099 731 1308 797 nullus
1355 731 1640 798 intrauit.
1718 733 1807 797 sic
1866 731 2025 797 enim
2096 731 2403 814 scriptum
2460 733 2587 796 est:
2652 731 2768 795 lb-

511 840 736 900 cutus
805 837 924 901 est
991 836 1346 900 dominus
1415 834 1508 900 ad
1575 835 1896 918 Moysen
1963 837 2039 899 et
2107 835 2395 912 Aaron,
2469 833 2763 898 dicens:

467 957 752 1022 susque
784 956 924 1022 quo
957 938 1393 1004 multitudo
1427 937 1621 1002 haec
1651 937 1995 1019 pessima
2027 939 2461 1002 murmurat
2493 939 2767 1002 contra

510 1042 674 1107 me?
717 1042 901 1107 uiuo
951 1059 1119 1125 ego,
1165 1041 1278 1106 ait
1324 1042 1715 1117 dominus;
1764 1040 1978 1105 sicut
2018 1039 2507 1106 locutiestis
2539 1038 2764 1104 hodie

511 1144 693 1209 ante
738 1163 883 1223 me,
930 1146 1044 1210 sic
1087 1145 1369 1210 faciam
1416 1144 1677 1210 uobis:
1739 1144 1816 1208 in
1862 1143 2316 1209 solitudine
2373 1144 2515 1208 hac
2561 1143 2765 1208 iace-

509 1248 700 1314 bunt
730 1249 1130 1315 cadauera
1159 1251 1447 1313 uestra.
1500 1246 1741 1331 etquid
1778 1250 2038 1329 postea?
2088 1247 2501 1329 paruuloS,
2535 1244 2761 1328 inquit,

510 1350 853 1429 uestrOS‚
910 1351 998 1416 de
1057 1349 1339 1433 quibus
1401 1349 1726 1415 dixistis
1771 1349 1971 1431 quod
2017 1350 2355 1432 praedae
2401 1348 2763 1414 hostibus

438 1453 804 1532 10forent,
850 1454 1382 1536 introducam,
1431 1456 1518 1518 ut
1561 1453 1884 1518 uideant
1930 1457 2249 1530 terram,
2294 1470 2490 1534 quae
2537 1451 2763 1516 uobis

510 1555 966 1640 displicuit:
1015 1558 1283 1622 uestra
1329 1556 1723 1622 cadauera
1765 1555 2139 1621 iacebunt
2183 1555 2262 1621 in
2306 1554 2760 1620 solitudine.

509 1661 574 1726 et
617 1660 767 1744 quid
816 1661 1082 1726 deinde?
1127 1678 1421 1740 omneS,
1469 1660 1706 1742 inquit,
1753 1659 2040 1725 mortui
2088 1662 2267 1724 sunt
2311 1659 2550 1740 atque
2593 1674 2761 1740 per-

511 1766 725 1829 cussi
769 1766 848 1829 in
895 1766 1317 1846 conspectu
1365 1764 1674 1830 domini.
1723 1763 1874 1846 quid
1906 1767 2016 1843 est,
2056 1763 2218 1845 quod
2248 1761 2316 1827 in
2346 1763 2443 1826 his
2476 1756 2865 1826 omnibus60

511 1885 628 1931 non
674 1867 808 1932 sit?
881 1867 979 1932 uis
1026 1867 1234 1933 uidere
1279 1869 1631 1934 rectorem?
1698 1885 1834 1932 ecce
1878 1869 1942 1932 et
1986 1865 2341 1949 praesentia
2398 1865 2655 1948 corrigit
2700 1866 2761 1928 et

438 1997 490 2037 15
507 1968 721 2034 futura
756 1971 1055 2053 disponit:
1090 1971 1184 2036 uis
1215 1972 1425 2036 uidere
1456 1989 1741 2035 seuerum
1772 1970 2095 2035 iudicem?
2139 1988 2278 2034 ecce
2306 1968 2514 2034 noxios
2545 1968 2757 2051 punit:

508 2074 602 2137 uis
633 2073 847 2138 uidere
879 2074 1117 2140 iustum
1152 2077 1214 2140 et
1242 2075 1464 2158 pium?
1512 2093 1648 2141 ecce
1694 2075 2126 2140 innocentibus
2157 2073 2388 2156 parcit:
2422 2073 2517 2137 uis
2548 2073 2759 2138 uidere

508 2175 572 2240 in
620 2176 906 2242 omnibus
953 2178 1273 2243 iudicem?
1349 2196 1486 2243 ecce
1543 2178 1771 2260 ubique
1830 2177 2133 2242 iudicium
2189 2176 2302 2241 est.
2385 2194 2531 2240 nam
2578 2176 2643 2240 et
2689 2178 2759 2239 ut

511 2279 691 2344 iudex
737 2281 947 2364 arguit
994 2282 1057 2346 et
1086 2284 1156 2346 ut
1187 2282 1372 2346 iudex
1404 2281 1595 2365 regit:
1652 2279 1838 2345 iudex
1874 2281 2103 2364 promit
2135 2278 2532 2355 sententiam,
2580 2276 2758 2343 iudex

511 2383 723 2450 noxios
771 2383 1047 2466 perimit,
1095 2384 1280 2448 iudex
1325 2383 1602 2449 innoxios
1655 2386 2041 2448 muneratur.

710 2570 743 2623 3
778 2568 938 2623 Num.
980 2570 1059 2635 14,
1096 2569 1163 2624 26
1181 2585 1257 2637 sq.
1463 2570 1498 2623 8
1530 2567 1693 2624 Num.
1734 2567 1813 2633 14,
1850 2568 1915 2623 31
2123 2567 2190 2620 12
2225 2565 2383 2622 Num.
2425 2568 2503 2634 14,
2541 2568 2608 2621 37

614 2740 640 2793 1
680 2739 999 2809 hebreorum
1036 2754 1102 2794 ex
1136 2738 1450 2792 hebreorum
1486 2738 1540 2791 A
1564 2753 1704 2793 corr.
1730 2754 1799 2791 m.
1821 2740 1861 2793 2
2059 2738 2092 2793 6
2128 2741 2253 2792 autc
2277 2754 2359 2791 me
2383 2737 2539 2792 hodie
2567 2738 2622 2792 B

509 2825 576 2880 14
615 2825 937 2895 praesentia]
982 2823 1335 2893 praescientia
1382 2824 1437 2878 A
1645 2824 1711 2876 15
1756 2838 1998 2877 seuerum
2046 2825 2126 2878 B:
2180 2824 2387 2878 iustum
2424 2827 2478 2879 et
2514 2837 2755 2879 seuerum

506 2915 561 2966 et
606 2913 757 2981 pium
801 2915 855 2967 et
897 2927 1139 2965 seuerum
1179 2912 1234 2963 A
1279 2910 1374 2964 sed
1408 2908 1624 2964 duabus
1658 2910 1885 2964 uocibus
1920 2910 2309 2977 posterioribus
2336 2912 2621 2980 punctatis

509 3001 574 3054 18
608 2998 811 3069 promit
845 3000 923 3053 A:
979 2997 1230 3067 promisit
1263 2995 1320 3050 B
1540 2997 1605 3051 19
1650 2999 1977 3054 muneratur.
2039 3011 2298 3051 nxpnrcr‘r
2342 3013 2509 3051 uranu
2545 3011 2754 3051 ramus

507 3088 577 3143 οῦ
621 3100 966 3142 mmmmm.
1035 3098 1251 3139 INCIPIT
1303 3098 1472 3139 numu
1519 3098 1801 3138 sncunnus
1847 3098 1912 3137 m
1959 3099 2201 3139 mnru'rr:
2250 3089 2308 3137 ῆι
2355 3087 2406 3137 A
2422 3125 2435 3149 ,
2495 3097 2753 3137 nxrmcrr

504 3189 674 3230 mana
712 3188 766 3227 ·1·
819 3186 1037 3228 mmm*
1072 3186 1151 3224 ·11·
1188 3170 1243 3224 B
