3380 4919
292 4667 359 4806 f

652 330 779 392 235
1622 320 1942 372 Saluiani

656 514 1126 581 nouissimis
1192 508 1507 585 diebus,
1574 508 1694 572 hoc
1756 509 1885 584 est,
1951 512 2024 570 ut
2090 510 2287 572 maior
2350 508 2914 573 thesaurizantium

656 620 865 683 reatus
910 621 1101 690 esset,
1147 632 1293 677 cum
1335 612 1775 676 thesaurorum
1810 611 2119 676 inuidiam
2148 611 2342 675 etiam
2369 612 2608 675 saecun
2638 613 2915 677 extrema

655 719 1070 786 cumularent.
1130 714 1736 791 thesaurizatis,
1798 712 2037 794 inquit,
2097 713 2177 777 in
2238 715 2704 778 nouissimis
2756 715 2916 779 die-

656 823 700 886 h
714 842 756 885 n
770 841 818 884 s.
896 839 1006 902 per
1065 818 1390 883 thesauros
1447 816 1757 898 cupiditas
1813 835 1924 898 per
1981 816 2354 880 nouissimos
2399 818 2532 881 dies
2574 816 2914 882 infidelitas

654 928 1007 989 accusatur.
1080 941 1154 986 ac
1209 940 1323 1002 per
1380 920 1498 985 hoc
1554 921 1782 1002 duplex
1817 924 1890 995 ‚et
1934 920 2303 1002 cupiditatis
2363 938 2524 985 noxa
2569 926 2666 985 est
2709 924 2776 985 et
2817 920 2920 985 iu·
2957 941 2987 982 ε

656 1025 1000 1101 fidelitatis,
1048 1024 1195 1106 quia
1236 1024 1581 1103 thesauros,
1628 1042 1782 1106 quos
1824 1024 1999 1088 iuxta
2042 1023 2109 1087 id
2153 1024 2318 1104 quod
2354 1023 2508 1089 deus
2553 1024 2710 1087 dicit
2754 1024 2918 1089 ‘nou

656 1119 1190 1208 concupisces’
1236 1130 1470 1191 crimen
1503 1127 1720 1209 utique
1749 1128 1875 1192 fuit
1904 1135 1968 1191 et
1998 1126 2126 1191 alio
2154 1128 2436 1207 tempore
2466 1129 2915 1208 concupiscere,

655 1231 861 1297 maius
903 1230 1138 1312 absque
1181 1230 1372 1296 dubio
1414 1250 1525 1313 per
1567 1230 2012 1295 infidelitatem
2052 1230 2257 1312 ipsam
2302 1230 2536 1293 crimen
2581 1231 2681 1293 est
2726 1230 2917 1295 etiam

658 1336 726 1399 in
769 1333 990 1398 mundi
1034 1333 1158 1398 fine
1201 1328 1539 1398 cumulare.

556 1457 638 1522 37
744 1454 924 1519 VIII.
995 1454 1238 1518 Durum
1306 1455 1571 1520 fortasse
1638 1454 1868 1536 aliquis
1937 1471 2290 1518 sermonem
2346 1472 2558 1517 meum
2617 1453 2918 1520 hactenus
2936 1477 2988 1517 ιο

657 1556 980 1622 iudicauit.
1056 1560 1121 1621 et
1163 1575 1311 1621 nere
1357 1559 1549 1622 durus
1595 1562 1710 1635 est,
1758 1557 1814 1620 si
1858 1556 2096 1638 aliquid
2142 1575 2265 1620 non
2298 1575 2371 1621 ex
2413 1557 2919 1622 testimoniorum

657 1678 975 1725 sacrorum
1019 1660 1395 1725 auctoritate
1444 1659 1860 1725 commonuit:
1907 1663 2100 1724 durus
2139 1661 2547 1740 existimetur,
2593 1661 2649 1724 si
2679 1660 2919 1742 aliquid

658 1762 791 1827 tale
836 1762 1075 1839 habuit,
1124 1763 1307 1845 quale
1352 1763 1459 1826 hic
1504 1763 1825 1843 apostolus
1870 1762 2286 1843 praedicauit:
2333 1766 2406 1826 nt
2450 1781 2571 1827 non
2619 1764 2916 1827 addamus

658 1865 818 1929 illud
876 1865 1113 1929 domini
1174 1866 1374 1929 nostri
1432 1864 1695 1942 dictum,
1752 1883 1872 1947 quo
1931 1884 2144 1930 omnes
2202 1867 2453 1949 penitus
2512 1866 2803 1949 indignos
2849 1885 2914 1930 se

660 1988 794 2033 esse
856 1969 1033 2043 dixit,
1095 1968 1202 2049 qui
1260 1985 1385 2032 non
1442 1971 1905 2033 renuntiassent
1950 1969 2242 2032 omnibns
2292 1986 2452 2050 quae
2509 1968 2914 2051 possederint.
2935 1996 2987 2037 ιε

555 2076 641 2152 38
659 2092 818 2155 quae
863 2090 1006 2136 cum
1050 2072 1140 2137 ita
1186 2072 1334 2150 sint,
1393 2089 1617 2148 nonne,
1677 2086 1926 2152 quaeso,
1970 2071 2591 2153 indulgentissimum
2635 2090 2708 2135 ac
2755 2073 2916 2136 mol-

659 2175 974 2241 lissimum
1022 2175 1366 2239 existimari
1411 2175 1706 2238 conuenit
1762 2174 1927 2255 quod
1975 2174 2172 2238 locuti
2218 2194 2454 2255 sumuS,
2522 2176 2764 2239 scilicet
2809 2175 2919 2257 qui

660 2278 1039 2356 hominibus,
1089 2276 1317 2360 quibus
1360 2278 1704 2360 perfectam
1748 2277 2253 2342 incolumitatem
2297 2279 2570 2342 tribuere
2611 2298 2732 2343 non
2776 2297 2919 2360 pos-

661 2399 899 2459 sumus,
946 2399 1128 2463 opem
1174 2381 1386 2445 saltim
1433 2383 1798 2464 desperatae
1827 2381 2053 2445 salutis
2100 2382 2498 2464 inquirimuS,
2547 2385 2612 2446 et
2654 2401 2920 2465 quorum

661 2484 862 2548 uitam
908 2504 1127 2549 sanare
1174 2502 1294 2548 non
1339 2501 1684 2566 possumu8‚
1726 2476 2000 2548 'mortem
2045 2484 2257 2549 leuare
2287 2486 2725 2565 temptamus?
2770 2487 2988 2567 quidne

658 2589 757 2652 est
798 2587 966 2651 enim
1010 2588 1284 2669 perfecta
1328 2587 1616 2650 sanitas?
1670 2587 1823 2668 quid
1869 2587 1992 2650 nisi
2038 2587 2101 2650 in
2148 2587 2287 2651 uita
2326 2588 2447 2652 hac
2492 2591 2646 2653 bene
2691 2590 2919 2673 agere?

662 2690 810 2772 quid
853 2692 1166 2771 postrema
1215 2692 1497 2753 curatio?
1544 2689 1693 2771 quid
1741 2691 1865 2754 nisi
1909 2690 2014 2754 uel
2042 2692 2107 2754 in
2139 2692 2429 2756 extremis
2461 2692 2688 2757 bouum
2736 2693 2920 2757 uiati-

660 2810 806 2856 cum
854 2796 1234 2873 eonpararc?
1293 2793 1442 2875 quid
1487 2795 1587 2857 est
1630 2791 1909 2874 perfecta
1954 2792 2237 2857 sanitas?
2296 2793 2444 2875 quid
2489 2795 2613 2858 nisi
2658 2798 2840 2861 rebus
2882 2812 2921 2859 a

662 2895 773 2959 deo
836 2895 1094 2959 traditis
1152 2896 1308 2959 bene
1350 2896 1448 2959 uti
1468 2896 1503 2960 ?
1570 2898 1731 2977 quod
1791 2896 2089 2959 ultimum
2136 2898 2524 2961 remedium?
2590 2901 2751 2979 quod
2796 2898 2920 2962 nisi

555 3004 642 3069 39
661 2997 879 3062 saltim
922 3003 1142 3080 postea
1185 2997 1390 3063 facere
1436 2999 1597 3081 quod
1641 3001 1961 3081 paeniteas
2001 3001 2066 3065 te
2111 3019 2231 3065 non
2262 3002 2407 3064 ante
2451 3000 2723 3065 fecisse?
2765 3003 2990 3068 duraz

662 3100 886 3182 aliquis
944 3103 1130 3182 putat
1188 3119 1316 3166 esse
1368 3120 1525 3184 quae
1568 3101 1739 3166 dico:
1803 3105 1976 3182 dura,
2038 3104 2223 3185 plane
2269 3103 2427 3167 dura
2470 3104 2917 3179 existimentur,

660 3203 783 3268 nisi
852 3202 1006 3267 talia
1073 3207 1225 3268 sunt
1243 3253 1258 3282 ‚
1327 3208 1399 3268 ut
1465 3206 1531 3269 in
1597 3206 2055 3287 comparatione
2123 3206 2497 3287 apostolicae
2564 3208 2918 3271 seueritatis

661 3307 879 3371 mollia
945 3326 1016 3371 ac
1082 3308 1343 3373 remissa
1410 3309 1766 3374 uideantur.
1851 3310 2170 3391 apostolus
2235 3309 2399 3374 enim
2459 3309 2538 3375 ad
2598 3308 2920 3390 planctum

662 3409 889 3474 diuites
955 3415 1159 3488 uocat,
1230 3428 1341 3476 nos
1411 3411 1490 3475 ad
1556 3412 1936 3477 remedium:
2011 3413 2322 3493 apostolus
2392 3413 2644 3477 diuitias
2709 3413 2919 3497 ignem

866 3581 901 3633 6
934 3579 1097 3633 Exod.
1132 3581 1203 3634 20
1281 3580 1433 3633 Rom.
1473 3581 1503 3633 7

762 3738 796 3790 5
833 3752 934 3789 nox
969 3740 1054 3789 est
1090 3737 1144 3789 Β
1349 3738 1383 3791 6
1418 3736 1564 3807 deus]
1607 3739 1707 3791 diss
1745 3739 1860 3806 (sie,
1886 3754 2001 3792 non
2024 3738 2198 3792 solum
2220 3742 2369 3793 ‘teste
2391 3740 2644 3794 Baluzio'
2680 3745 2745 3794 ut
2771 3741 2924 3808 apud

660 3821 970 3886 Halmium)
1028 3823 1083 3875 Β
1306 3823 1723 3892 Τκοοιιειιρίεοοε
1776 3841 1847 3879 ex
1900 3824 2230 3892 concupiscis
2286 3840 2425 3879 corr.
2479 3815 2547 3878 m.
2582 3828 2623 3879 2
2675 3817 2786 3879 AB

660 3907 728 3960 12
764 3912 1056 3961 commoxfit
1085 3914 1279 3975 pwnct.
1316 3910 1402 3963 nit
1437 3915 1489 3963 et
1521 3926 1563 3965 8.
1600 3927 1705 3966 scr.
1742 3927 1811 3964 m.
1847 3913 1888 3964 2
1941 3910 2123 3963 nuerit
2157 3911 2214 3963 A
2423 3911 2490 3964 13
2524 3913 2797 3979 apostolus
2833 3912 2923 3965 hic

657 3992 758 4046 scd
806 3992 1017 4048 additis
1068 4010 1140 4047 m.
1179 3999 1209 4048 1
1261 3996 1435 4064 siquis
1470 3998 1923 4065 transpositionis
1969 3998 2025 4050 A
2215 3998 2299 4050 -15
2354 3997 2679 4065 possiderint
2732 3997 2787 4050 Β

665 4077 730 4132 16
764 4079 914 4149 quae]
952 4080 1045 4149 qui
1083 4081 1138 4133 B
1300 4083 1369 4136 18
1402 4083 1829 4137 incolomitatem
1865 4084 1920 4136 B
2097 4084 2162 4138 19
2202 4084 2508 4151 desperatae
2532 4100 2604 4137 cx
2627 4084 2922 4152 disperatae

661 4177 801 4217 corr.
837 4181 903 4219 m.
943 4168 982 4218 2
1029 4166 1139 4219 AB
1345 4169 1415 4221 24
1469 4169 1600 4236 quid
1644 4169 1753 4222 nisi
1806 4170 1861 4222 B
2069 4170 2138 4223 25
2190 4171 2384 4223 saltem
2432 4186 2500 4224 ex
2548 4170 2734 4224 saltim
2781 4186 2923 4225 corr.

662 4266 731 4305 m.
767 4253 808 4304 2
841 4251 898 4303 A

664 4479 913 4626 χ
