3380 4919
1093 331 1166 385 de
1202 331 1474 400 gubern.
1511 332 1617 386 dei
1652 332 1702 386 V
1735 337 1765 397 ξ
1801 333 2022 389 56-60,
2565 337 2683 402 121

436 519 692 583 tuorum
737 521 799 582 et
843 519 1149 584 sodalium
1220 519 1587 604 latrociniiS,
1656 520 1932 588 sufficiat
1985 526 2239 588 uexatos
2297 523 2490 590 fuisse
2535 543 2690 607 pau-

439 638 635 701 peres,
706 620 980 686 sufficiat
1035 621 1333 703 spoliatos
1379 640 1417 688 a
1464 627 1523 687 te
1566 622 1761 691 fuisse
1818 624 2162 691 mendicos:
2230 643 2421 707 paene
2476 626 2690 691 nullus

437 723 612 788 iuxta
655 728 718 788 te
764 723 1134 806 intrepidus,
1185 725 1396 791 nullus
1441 727 1652 807 potest
1696 745 1830 793 esse
1874 744 2143 792 securus.
2218 726 2482 797 facilius,
2506 747 2685 811 prae-

441 826 680 908 cipitati
729 828 958 910 Alpina
1020 846 1171 911 rupe
1237 829 1544 896 torrentes
1591 834 1701 895 aut
1746 830 2041 899 incendia
2106 830 2331 901 uentis,
2373 831 2702 914 exagitata,

401 929 805 997 stolerantur.
863 949 986 997 non
1020 931 1484 1015 sicpereuntes,
1531 931 1604 997 ut
1633 931 1726 999 ita
1757 931 2037 1012 dixerim,
2084 935 2308 999 nautae
2341 932 2684 1016 Charybdis

438 1032 777 1097 uoracitate
845 1034 955 1098 aut
996 1033 1319 1117 Scyllaeis,
1389 1035 1462 1101 ut
1507 1035 1705 1113 aiunt,
1775 1034 2037 1101 canibus
2109 1035 2502 1102 deuorantur.
2578 1056 2684 1103 ex·
2704 1035 2788 1100 59

438 1134 645 1199 turbas
690 1135 1208 1217 possessiunculis
1255 1136 1382 1202 suis
1426 1136 1669 1205 uicinos
1717 1137 1878 1214 tuos,
1938 1136 2324 1207 habitatione
2368 1157 2442 1203 ac
2467 1140 2686 1215 ,facul-

438 1239 565 1303 tate
608 1237 918 1320 proximos
965 1242 1121 1303 tuos.
1201 1238 1537 1321 numquid,
1583 1243 1654 1304 ut
1697 1239 2006 1321 scriptum
2050 1242 2166 1315 est,
2226 1258 2409 1322 super
2451 1242 2684 1315 ‚terram

433 1340 604 1405 solus
668 1339 1034 1406 habitabis?
1110 1341 1224 1408 hoc
1290 1360 1485 1407 unum
1553 1340 1781 1425 quippe
1837 1342 1951 1420 est,
2020 1345 2181 1425 quod
2239 1342 2520 1408 obtinere
2564 1362 2685 1410 non

377 1442 683 1525 mpoteris.
775 1443 1125 1525 quamlibet
1191 1447 1357 1513 enim
1421 1448 1643 1510 cuncta
1709 1462 1982 1527 occupes>
2042 1444 2387 1527 quamlibet
2454 1449 2713 1515 cuncta.

436 1548 753 1630 peruadas,
799 1547 1078 1613 uicinum
1123 1565 1366 1629 semper
1411 1547 1710 1613 inuenies.
1761 1547 1996 1631 respice
2026 1565 2250 1629 quaeso
2282 1549 2459 1631 alios,
2510 1569 2712 1633 quos‚.

438 1651 588 1715 uelis
649 1651 828 1730 nolis,
897 1654 959 1716 et
1001 1653 1134 1735 ipse
1194 1653 1487 1734 suspicis:
1556 1651 1794 1734 respice
1850 1652 2023 1729 alios,
2084 1669 2252 1733 quOS,
2297 1653 2456 1725 uelis
2500 1655 2679 1738 noliS,

430 1753 627 1818 etiam
670 1755 802 1837 ipse
843 1755 1110 1820 miraris.
1174 1755 1424 1819 altiores
1470 1757 1615 1818 sunt
1663 1755 1884 1818 ceteris
1931 1755 2239 1836 dignitate
2284 1757 2348 1820 et
2394 1759 2679 1839 aequales

436 1858 806 1941 dignatione,
853 1861 1118 1923 maiores
1164 1862 1309 1922 sunt
1355 1861 1666 1940 potestate
1705 1862 1770 1922 et
1812 1856 2083 1922 minores
2126 1858 2503 1927 humilitate.
2558 1865 2679 1926 scis

376 1963 706 2044 :aprofecto
753 1963 942 2028 etiam
975 1962 1127 2044 ipse,
1177 1963 1254 2027 ad
1286 1979 1468 2044 quem
1501 1980 1664 2026 nunc
1702 1963 2033 2045 loquimur,
2080 1965 2154 2028 de
2186 1980 2304 2044 quo
2338 1964 2677 2046 loquamur,

437 2066 496 2130 et
537 2066 722 2143 idem,
783 2065 858 2134 de
910 2083 1028 2149 quo
1085 2083 1250 2130 nunc
1282 2056 1637 2149 querimur,
1697 2065 1881 2131 debes
1927 2084 2275 2148 agnoscere,
2332 2085 2516 2148 quem
2561 2067 2680 2134 hac

435 2169 611 2233 laude
655 2187 1042 2235 ueneremur.
1104 2169 1291 2250 atque
1334 2167 1580 2239 utinam
1611 2169 1799 2232 multi
1832 2171 2058 2245 essent,
2106 2170 2211 2250 qui
2243 2169 2676 2261 laudarentur:
2699 2165 2784 2229 60

436 2272 760 2338 salubritas
806 2271 971 2336 esset
1010 2271 1296 2336 omnium
1341 2272 1725 2354 generositas
1769 2271 2201 2353 plurimorum.
2278 2272 2387 2338 sed
2432 2276 2562 2337 esto
2604 2279 2678 2338 tu

435 2374 587 2439 nolis
637 2393 769 2440 esse
813 2375 1176 2441 laudabilis:
1238 2392 1347 2440 cur
1393 2376 1570 2452 uelis,
1629 2392 1876 2457 quaeso,
1926 2392 2057 2441 esse
2101 2375 2525 2441 damnabilis?
2571 2396 2679 2442 cur

374 2478 548 2544 aotibi
590 2480 906 2545 iniustitia
952 2481 1041 2545 nil
1087 2479 1342 2543 amicius
1375 2497 1484 2543 cur
1517 2479 1787 2543 auaritia
1831 2478 1925 2543 nil
1970 2478 2295 2543 iucundius
2341 2497 2450 2543 cur
2493 2497 2708 2562 rapas

438 2582 621 2648 citate
665 2583 756 2647 nil
816 2583 1064 2648 carius?
1131 2602 1241 2648 cur
1296 2581 1388 2647 nil
1443 2582 1678 2648 iudicas
1723 2581 2054 2664 pretiosius
2101 2600 2287 2664 quam
2330 2584 2674 2665 nequitiam

437 2704 540 2750 cur
608 2687 702 2752 nil
763 2686 1187 2779 praestantius
1260 2703 1450 2767 quam
1516 2686 1862 2767 rapinam?
1919 2686 2085 2750 disce
2161 2686 2264 2751 uel
2327 2704 2367 2750 a
2430 2704 2675 2770 pagano

435 2790 677 2855 homine
724 2809 938 2855 uerum
987 2789 1251 2855 bonum:
1321 2791 1659 2855 caritate
1720 2790 1958 2866 enim,
2026 2790 2261 2871 inquit,
2331 2790 2407 2854 et
2462 2790 2676 2855 beni-

434 2893 784 2958 uolentia
827 2898 1193 2976 saeptum
1238 2896 1550 2976 oportet
1595 2911 1789 2975 esse,
1838 2911 1985 2956 non
2030 2893 2292 2958 armiS.
2338 2892 2571 2956 fallunt
2616 2893 2677 2956 te

372 2998 636 3079 2⁵itaque
695 2997 1009 3081 opiniones
1070 2998 1233 3081 tuae,
1299 2995 1483 3062 fallit
1525 3014 1757 3079 prauae
1804 3000 1865 3060 et
1910 3014 2125 3062 caecae
2169 2996 2398 3061 mentis
2443 2994 2700 3079 impro-‘

434 3098 610 3165 bitas.
691 3102 746 3164 si
789 3101 887 3165 uis
933 3100 1163 3183 probus
1208 3100 1263 3165 si
1309 3101 1404 3164 uis
1449 3105 1670 3184 potens
1717 3100 1773 3164 si
1816 3100 1915 3165 uis
1963 3119 2223 3182 magnus
2270 3118 2422 3175 esse,
2484 3101 2675 3166 hone-

630 3256 665 3309 8
699 3255 803 3309 Isa.
841 3258 890 3321 5,
925 3256 960 3309 8
1163 3255 1232 3308 23
1268 3255 1406 3307 Plin.
1443 3254 1640 3323 Paneg.
1677 3268 1721 3307 c.
1756 3253 1825 3306 49

530 3394 560 3445 1
597 3394 652 3445 et
687 3393 772 3459 (ut
795 3394 850 3446 A
882 3393 1062 3458 habet)
1101 3394 1263 3446 etiam
1290 3392 1715 3448 Rittershusius:
1769 3407 1871 3448 om.
1906 3391 1962 3444 Β
2167 3392 2202 3443 2
2236 3391 2388 3444 iuxta
2412 3392 2467 3443 te
2492 3390 2673 3443 nullus

427 3476 482 3530 Β
674 3479 708 3531 6
743 3478 955 3547 scylleis
991 3479 1103 3532 AB
1295 3479 1330 3532 8
1365 3493 1519 3547 super
1553 3480 1753 3531 terram
1790 3477 1937 3531 solus
1970 3492 2129 3545 super
2162 3477 2365 3529 terram
2400 3475 2673 3530 habitabis

431 3566 806 3633 (habitacionis
857 3582 924 3619 m.
980 3570 1031 3630 1)
1088 3567 1144 3620 Β
1389 3567 1455 3619 11
1507 3564 1707 3633 respice
1756 3578 1946 3632 quaeso
1963 3592 2033 3603 —
2049 3563 2275 3631 suscipis
2328 3578 2430 3620 om.
2481 3563 2536 3617 A

432 3651 495 3703 15
537 3650 774 3719 profecto
820 3667 888 3705 ex
933 3652 1170 3720 profectu
1213 3653 1268 3705 A
1304 3667 1442 3706 corr.
1478 3668 1548 3704 m.
1582 3654 1622 3706 2
1825 3666 1967 3703 nunc
2013 3665 2115 3704 om.
2162 3650 2218 3703 Β
2253 3666 2319 3702 m.
2358 3653 2390 3703 1
2595 3650 2672 3704 le-

431 3736 640 3804 quimur
667 3736 930 3806 (loquitur
952 3752 1020 3790 m.
1046 3742 1096 3801 1)
1134 3737 1275 3791 hunc
1300 3737 1364 3791 de
1399 3737 1455 3790 Β
1652 3737 1718 3791 16
1752 3736 1854 3789 hac
1889 3750 1958 3789 ex
1992 3736 2128 3790 hanc
2162 3735 2217 3788 A
2241 3751 2379 3789 corr.
2406 3752 2473 3789 m.
2500 3738 2536 3790 2

431 3821 492 3875 17
546 3824 751 3877 utinam
808 3824 864 3877 Β
899 3840 942 3878 s.
980 3824 1016 3878 l.
1225 3823 1290 3877 19
1342 3822 1536 3878 nobilis
1589 3823 1688 3877 sub
1746 3822 1799 3875 bi
1851 3821 2051 3876 lineola
2098 3821 2264 3878 ducta
2299 3837 2368 3875 m.
2408 3825 2448 3877 2
2482 3822 2537 3877 A

426 3906 494 3960 20
538 3908 679 3962 nihil
725 3909 948 3963 amicius
995 3910 1050 3964 A
1198 3943 1201 3946 Ἴ
1255 3910 1538 3964 iocundius
1590 3909 1705 3963 AB
1908 3908 1977 3961 23
2022 3908 2227 3977 uerum]
2264 3910 2533 3974 uirumB

427 3994 673 4049 caritam»
708 3995 891 4064 inquit
927 3997 1156 4065 (lacuna
1191 3997 1364 4050 trium
1397 4012 1440 4050 s.
1478 4001 1745 4065 quattuor
1773 3995 1895 4060 litt.)
1932 3994 1987 4047 A
2192 3994 2260 4048 24
2296 3998 2506 4064 septum
2541 3996 2671 4052 add.

423 4095 468 4136 s.
503 4082 538 4136 l.
570 4099 639 4137 m.
675 4085 716 4137 2
751 4085 808 4136 te
840 4085 896 4136 A
1101 4083 1172 4137 25
1218 4082 1492 4151 opiniones
1530 4097 1600 4135 ex
1634 4080 1903 4149 opinionis
1943 4079 1999 4132 A
2035 4095 2174 4134 corr.
2210 4096 2279 4134 m.
2317 4085 2350 4135 1
2558 4098 2673 4138 cece

422 4170 476 4220 A
680 4168 749 4223 26
803 4169 851 4222 si
896 4170 982 4222 uis
1028 4168 1344 4238 improbitas
1390 4170 1437 4222 si
1482 4167 1566 4222 uis
1613 4167 1876 4235 impotens
1912 4166 2023 4221 AB
2064 4168 2158 4221 sed
2190 4166 2255 4221 in
2289 4168 2344 4220 A
2378 4173 2672 4238 utrumque

426 4253 494 4305 im
531 4270 598 4308 m.
636 4256 677 4308 2
711 4253 813 4308 del.
853 4260 906 4309 et
940 4270 1105 4323 super
1139 4255 1285 4309 bitas
1319 4270 1419 4309 scr.
1459 4254 1558 4307 bus
