3380 4919
605 287 691 353 24
1580 286 1890 339 Saluiani

604 496 782 544 orum
827 480 908 544 ad
954 476 1106 545 Sina
1161 479 1439 545 montem
1483 477 1952 560 praeuaricatus
2010 478 2108 542 est
2153 480 2217 541 et
2257 479 2483 543 statim
2529 498 2567 544 a
2612 481 2858 545 domino

603 599 715 664 pro
749 598 950 646 errore
972 597 1332 665 percussus.
1374 580 1470 644 sic
1500 579 1669 643 enim
1701 578 2007 662 scriptum
2053 583 2182 643 est:
2227 582 2631 662 percussit
2672 600 2859 667 ergo

607 684 965 750 dominus
1024 683 1398 766 populum
1457 700 1590 766 pro
1648 700 1907 747 errore
1972 682 2220 748 uituli
2277 702 2497 765 quem
2562 684 2863 749 fecerat

606 788 663 852 A
679 805 883 854 aron.
924 788 1093 870 quod
1136 786 1343 870 potuit
1386 787 1589 855 maius
1630 786 1697 849 et
1743 786 2092 851 euidentius
2134 786 2212 850 de
2241 786 2671 869 peccatoribus
2713 790 2862 853 deus

603 893 767 957 ferre
798 890 1121 969 iudicium,
1168 909 1356 972 quam
1388 894 1462 954 ut
1493 890 1712 955 statim
1754 891 2234 972 consequeretur
2263 909 2461 976 poena
2489 893 2814 974 peccantes
2830 895 2862 957 P
2907 916 2932 956 ⁵

606 995 671 1058 et
711 998 929 1060 tamen
976 1011 1117 1057 cum
1161 992 1363 1056 omnis
1395 991 1663 1074 populus
1693 1010 1836 1056 reus
1865 991 2076 1071 fuerit,
2122 1011 2231 1057 cur
2262 1011 2384 1058 non
2419 995 2516 1058 est
2555 995 2620 1058 in
2650 1012 2862 1059 omnes

603 1096 798 1162 missa
842 1096 1158 1160 damnatio
1172 1097 1204 1159 P
1261 1095 1410 1176 quia
1452 1095 1592 1179 pius
1636 1095 1878 1160 scilicet
1931 1094 2220 1160 dominus
2266 1098 2507 1178 partem
2559 1099 2864 1179 percussit

605 1198 955 1264 sententiae
1014 1215 1164 1261 suae
1218 1197 1430 1281 gladio
1445 1246 1461 1274 ,
1531 1200 1603 1260 ut
1658 1194 1902 1278 partem
1965 1199 2300 1283 corrigeret
2366 1202 2644 1283 exemplo
2718 1219 2860 1284 pro-

604 1303 900 1383 beretque
944 1299 1235 1365 omnibus
1281 1299 1475 1365 simul
1518 1303 1581 1364 et
1625 1301 1957 1365 coercendo
2002 1319 2328 1366 censuram
2371 1304 2440 1367 et
2482 1304 2865 1387 indulgendo

604 1404 925 1487 pietatem.
1016 1420 1279 1468 censura
1335 1404 1500 1467 enim
1557 1402 1716 1481 fuit,
1787 1404 1949 1484 quod
2013 1404 2379 1486 castigauit‚
2447 1408 2645 1488 pietas
2702 1411 2863 1490 quod
2885 1428 2933 1467 ιο

605 1507 901 1590 pepercit,
948 1506 1238 1589 quamuis
1274 1509 1618 1588 ‚utrumque
1663 1505 1890 1588 impari
1918 1506 2133 1571 modo:
2178 1508 2319 1590 plus
2365 1509 2672 1590 siquidem
2717 1514 2867 1575 tunc

607 1611 831 1694 pietati
876 1612 1095 1676 datum
1140 1609 1240 1675 est
1284 1628 1468 1691 quam
1513 1609 1862 1676 seueritati.
1930 1609 2066 1675 ideo
2111 1612 2346 1695 utique,
2393 1614 2539 1695 quia
2581 1633 2725 1679 cum
2770 1615 2865 1677 in-

606 1715 1124 1793 dulgentissimus
1178 1712 1468 1778 dominus
1513 1712 1982 1796 propensiorem
2045 1732 2110 1778 se
2173 1733 2423 1796 semper
2477 1717 2865 1781 miserationi

606 1822 881 1900 praestet
926 1835 1113 1900 quam
1158 1814 1407 1897 ultioni,
1454 1815 1603 1881 licet
1635 1816 1701 1879 in
1743 1816 2074 1881 coercenda
2105 1820 2256 1882 tunc
2289 1817 2529 1883 Iudaici
2559 1819 2864 1884 exercitus

608 1922 787 2004 parte
830 1919 1063 1984 iudicio
1109 1935 1181 1983 ac
1222 1918 1550 1984 seueritati
1594 1936 1860 1983 censura
1902 1918 2118 1984 diuina
2172 1918 2413 2000 aliquid
2467 1919 2862 2000 adtribuerit,
2884 1941 2933 1981 15

608 2023 908 2088 maiorem
952 2021 1076 2087 sibi
1118 2022 1336 2085 tamen
1364 2020 1577 2103 populi
1605 2021 1955 2102 portionem
1987 2023 2189 2103 pietas
2220 2021 2582 2107 uindicauit‚
2628 2023 2865 2107 specia-

608 2126 755 2190 liter
810 2124 1061 2207 quidem
1118 2123 1236 2189 hoc
1292 2125 1356 2188 et
1409 2122 1714 2204 peculiari
1773 2127 1925 2193 tuuc
1967 2126 2332 2189 innumerae
2376 2126 2580 2207 plebis
2624 2129 2868 2193 miseri-

609 2229 854 2312 cordia,
910 2247 988 2292 ne
1033 2245 1249 2292 omnes
1299 2225 1548 2292 scilicet
1598 2244 1751 2308 quos
1805 2228 2021 2292 reatus
2082 2228 2612 2311 complectebatur
2668 2248 2868 2312 poena

503 2326 588 2393 49
606 2334 1018 2399 consumeret.
1092 2330 1382 2395 ceterum
1418 2349 1570 2414 erga
1613 2349 1905 2413 personas
1949 2332 2284 2413 quasdam,
2342 2335 2414 2397 ut
2458 2333 2747 2418 legimus,
2795 2353 2867 2399 ac

600 2434 882 2503 familias
929 2454 1191 2502 censura
1230 2435 1335 2501 dei
1378 2434 1776 2502 inexorabilis
1820 2435 1947 2515 est,
2007 2434 2172 2502 sicut
2225 2435 2390 2501 *illud
2406 2486 2422 2516 ‚
2475 2437 2587 2503 ubi
2630 2439 2865 2504 otiante
2884 2459 2937 2500 20

608 2539 888 2605 sabbatis
933 2542 1158 2624 populo
1216 2542 1300 2619 is,
1362 2540 1471 2622 qui
1533 2539 1829 2622 colligere
1890 2539 2066 2623 ligna
2110 2541 2472 2622 usurparat,
2529 2541 2862 2606 occiditur:

608 2643 904 2726 quamuis
936 2642 1104 2707 enim
1134 2661 1287 2724 opus
1317 2642 1524 2725 ipsum
1556 2642 1827 2708 hominis
1858 2641 2181 2707 uideretur
2207 2642 2545 2722 innoxium,
2591 2642 2866 2709 faciebat

611 2747 825 2811 tamen
872 2764 1016 2811 eum
1059 2744 1182 2810 diei
1227 2744 1577 2811 obseruatio
1620 2744 2059 2810 criminosum:
2115 2746 2221 2810 uel
2263 2764 2407 2810 cum
2469 2745 2707 2810 duobus
2751 2745 2866 2811 lite

606 2848 995 2914 certantibus
1039 2865 1203 2913 unus
1249 2848 1396 2930 quia
1438 2847 1904 2930 blasphemarat
1949 2851 2151 2913 morte
2189 2847 2517 2915 multatur.
2563 2847 2656 2912 sic
2701 2849 2866 2915 enim

610 2951 916 3035 scriptum
956 2950 1089 3016 est:
1160 2968 1335 3016 ecce
1378 2951 1638 3016 autem
1681 2949 1919 3014 filius
1964 2950 2936 3032 mulieris·Israhelitis‚2⁵

610 3074 834 3139 quem
877 3053 1306 3137 pepererat
1362 3054 1451 3118 de
1495 3051 1666 3118 uiro
1707 3053 2101 3136 Aegyptio
2146 3053 2356 3120 inter
2400 3055 2631 3120 filios
2673 3054 2869 3121 Isra-

606 3159 762 3238 hel,
831 3160 1195 3240 iurgatus
1250 3157 1375 3223 est
1441 3158 1518 3223 in
1574 3156 1877 3223 castris
1937 3176 2105 3224 cum
2165 3160 2337 3225 uiro
2395 3158 2868 3228 Israhelite:

610 3280 940 3345 cumque
1009 3260 1656 3343 blasphemasset
1716 3261 2115 3326 dominum
2183 3265 2258 3327 et
2323 3262 2871 3327 maledixisset

610 3367 715 3445 ei,
761 3365 1157 3432 adductus
1202 3365 1326 3430 est
1372 3368 1461 3431 ad
1491 3364 1836 3449 Moysen.
1882 3366 1947 3431 et
1992 3365 2178 3450 paulo
2224 3365 2398 3447 post:
2441 3366 2869 3443 miserunt,

809 3504 845 3557 2
895 3503 1062 3561 nme.
1110 3502 1198 3570 32.
1246 3502 1318 3562 35
1544 3501 1609 3555 19
1661 3500 1823 3558 Num.
1881 3501 1947 3560 15
2171 3500 2240 3553 25
2293 3498 2466 3553 Lena.
2522 3498 2608 3566 24,
2664 3498 2730 3554 1o

607 3590 676 3648 29
712 3590 886 3646 neure
920 3589 1008 3665 24,
1044 3588 1110 3646 12

680 3707 982 3777 ISynaB
1169 3705 1711 3776 3f03(==fooie)B
1897 3706 2188 3775 4quidB
2372 3705 2735 3760 5ut0m.A

607 3795 643 3847 8
675 3793 1028 3861 probaretque
1061 3791 1144 3847 B:
1195 3792 1574 3864 praeberetque
1607 3795 1664 3849 A
1851 3793 1912 3847 11
1952 3793 2010 3848 in
2034 3791 2152 3861 pari
2187 3791 2243 3844 B
2418 3791 2485 3845 122
2519 3792 2647 3862 quia
2682 3793 2740 3847 Β
2772 3809 2873 3849 om.

605 3891 680 3932 m.
706 3882 738 3930 1
912 3876 978 3932 15
1008 3878 1300 3934 seueritate
1325 3879 1382 3934 Β
1522 3917 1525 3922 ,
1552 3880 1619 3934 16
1638 3882 1822 3933 umen
1845 3876 1955 3932 eibi
1979 3877 2035 3930 Β
2205 3875 2422 3931 naliter
2442 3902 2500 3931 n
2523 3880 2581 3931 et
2616 3878 2871 3947 peculiari

609 3965 667 4018 A
840 3964 903 4018 17
940 3963 1210 4020 innumeri
1244 3965 1357 4020 AB
1545 3965 1612 4019 18
1644 3961 2081 4033 conplectebatur
2115 3961 2173 4015 Β
2355 3963 2420 4017 19
2456 3964 2715 4032 quasdam
2752 3977 2869 4031 per·

609 4060 769 4105 sonas
794 4050 852 4108 Β
1030 4051 1210 4107 mcci
1235 4052 1359 4108 Βε.
1384 4050 1671 4108 ladam.
1698 4055 1731 4104 1
1902 4051 1986 4103 est
2009 4065 2109 4104 om.
2134 4050 2188 4103 A
2360 4049 2657 4120 2lhisqui
2682 4049 2737 4103 A

610 4136 782 4192 occidi
815 4137 1037 4194 iubetur
1069 4138 1127 4192 Β
1332 4137 1401 4192 25
1439 4136 1744 4191 Israhelitis
1781 4142 1834 4191 ct
1861 4136 2039 4205 paulo
2066 4142 2193 4204 post
2226 4136 2435 4191 Israhel
2470 4142 2524 4191 et
2558 4133 2874 4190 Israhelitae

612 4227 666 4279 A
717 4225 912 4281 isrlitis
949 4231 1047 4282 etc.
1083 4225 1139 4280 Β
1347 4225 1416 4279 28
1453 4222 1746 4292 dominum]
1784 4237 1976 4277 nomen
2015 4223 2070 4276 Β
2276 4224 2344 4277 29
2380 4223 2463 4276 est
2496 4236 2599 4275 om.
2634 4219 2690 4272 B

228 4475 885 4756 fff‘X
