3380 4919
1202 318 1280 372 ad
1315 317 1665 373 ecclesiam
1712 318 1800 372 III
1838 321 1867 381 ξ
1903 318 2123 373 87-93,
2667 321 2792 388 299

537 510 724 574 deum
790 508 1007 585 credit,
1088 507 1500 591 dispersit,
1580 508 1807 575 dedit
1841 508 2386 590 -pauperibuS‚
2467 509 2792 574 iustitia

518 614 701 677 eius
747 612 1008 676 manet
1052 614 1124 676 in
1171 610 1597 676 aeternum.
1664 606 1785 675 sed
1850 612 1913 674 et
1956 609 2231 675 saluator
2275 611 2409 693 ipse
2454 611 2533 677 ad
2578 629 2810 677 omnes
2865 680 2870 685 ,

524 715 794 780 diuites:
842 715 1161 781 uendite
1193 731 1383 797 quae
1418 713 1849 796 possidetis
1882 715 1954 778 et
1984 714 2159 778 date
2192 713 2789 796 eleemosynam.

522 821 596 885 ,et
657 817 841 884 alibiz
907 819 1155 883 uende
1216 835 1406 901 quae
1466 816 1703 881 habes
1750 818 1825 881 et
1872 815 1966 901 da
2011 816 2528 899 pauperibus.
2606 836 2790 881 num-

489 919 685 1009 ⁵quid
747 920 931 1005 dicit,
990 919 1239 1000 agnatis
1285 919 1399 999 da„
1449 920 1753 1001 numquid
1802 919 2157 986 adfinibus?
2222 938 2343 984 non
2412 921 2628 1001 utique
2684 920 2791 985 sed

533 1023 904 1105 pauperibus
973 1023 1081 1088 sed
1147 1025 1387 1105 egenis:
1460 1020 1761 1104 numquid
1821 1023 2165 1105 propinquo
2229 1022 2416 1088 diuiti
2479 1022 2788 1105 numquid

533 1125 648 1188 ulli
710 1127 960 1189 omnino
1020 1124 1258 1190 homini
1314 1125 1752 1209 praepotenti?
1821 1143 1943 1189 non
2004 1125 2220 1207 utique
2287 1124 2393 1189 sed
2450 1125 2620 1208 inopi
2683 1127 2790 1190 sed

534 1230 879 1312 egestuoso,
969 1228 1274 1310 numquid
1344 1229 1542 1304 enim,
1613 1246 1756 1292 cum
1825 1227 2239 1310 locupletibus
2308 1227 2593 1311 cognatis
2663 1229 2789 1294 tuis
2811 1226 2892 1294 91

532 1329 950 1397 substantiam
1010 1332 1187 1397 tuam
1247 1332 1505 1407 dederiS,
1568 1330 1820 1396 iustitia
1878 1333 1989 1396 tua
2043 1332 2258 1396 manet
2301 1331 2367 1395 in
2417 1331 2790 1396 aeternum?

463 1457 515 1496 10
534 1439 644 1500 aut
690 1453 833 1500 cum
861 1434 1118 1500 diuitias
1149 1450 1362 1503 eorum
1392 1436 1630 1500 diuitiis
1668 1434 1797 1499 tuis
1828 1436 2088 1516 auxeris,
2135 1434 2501 1500 thesaurum
2532 1435 2790 1500 habebis

533 1537 600 1603 in
658 1537 869 1603 caelo?
942 1557 1112 1616 uae,
1172 1540 1376 1622 inquit
1433 1539 1769 1621 propheta,
1830 1538 1991 1614 his,
2049 1539 2177 1620 qui
2226 1537 2509 1603 dicunt
2552 1539 2790 1603 dulce

535 1659 878 1705 amarum
925 1641 1003 1704 et
1045 1659 1386 1706 amarum
1444 1643 1692 1713 dulce.
1733 1641 2244 1707 etiamlaudari
2288 1660 2325 1705 a
2369 1644 2432 1706 te
2476 1642 2635 1723 tales
2679 1641 2791 1706 hos

535 1744 684 1813 deus
730 1743 1036 1825 prohibet,
1085 1749 1147 1809 et
1192 1750 1264 1833 tu
1312 1746 1516 1812 ditare
1548 1764 1670 1815 non
1704 1747 1932 1829 metuis
1954 1747 1985 1810 P
2044 1745 2180 1809 dari
2208 1745 2307 1810 his
2337 1745 2802 1828 praedicatoria

533 1845 729 1912 uerba
771 1864 892 1911 non
936 1847 1096 1927 uult,
1144 1849 1207 1912 et
1250 1851 1321 1913 tu
1368 1848 1556 1914 etiam
1603 1848 1843 1925 talenta
1887 1849 2186 1930 largiris?
2252 1846 2543 1912 honorari
2587 1847 2791 1912 uitam

464 1976 514 2015 15
535 1966 749 2013 eorum
781 1949 942 2015 fictis
973 1950 1362 2016 sermonibus
1393 1953 1590 2029 uetat,
1624 1956 1685 2016 et
1716 1971 1753 2016 a
1775 1953 1837 2015 te
1863 1951 2140 2016 thesauri
2167 1970 2382 2016 eorum
2413 1950 2793 2035 diuitiaeque

536 2051 939 2117 cumulantur
957 2055 988 2118 Ρ

620 2172 756 2235 XX.
822 2171 939 2237 Sed
1001 2174 1231 2245 uereris
1289 2173 1584 2249 uidelicet
1642 2174 1861 2261 uultus
1915 2173 2492 2239 circumsidentium
2534 2173 2791 2257 propin·
2812 2175 2896 2241 92

526 2295 799 2358 ‚quorum
846 2280 910 2342 et
955 2281 1314 2359 praesentes
1357 2281 1549 2359 atque
1584 2278 1939 2342 obsidentes
1985 2278 2288 2343 lectulum
2333 2279 2513 2340 tuum
2560 2277 2789 2340 metuis

535 2380 858 2445 offendere.
921 2398 1011 2444 ne
1058 2381 1421 2446 timueris
1467 2400 1624 2464 eos,
1670 2379 1880 2465 inquit
1923 2380 2208 2445 dominus
2255 2396 2368 2461 per
2399 2377 2789 2463 prophetam,

465 2501 776 2564 sonsque
835 2503 1115 2566 paueas
1161 2485 1451 2551 afacie
1509 2503 1810 2562 eorum,
1874 2484 2235 2567 quoniam
2295 2480 2568 2546 domus
2625 2500 2790 2546 exa-

534 2604 852 2668 sperans
911 2590 1045 2651 est.
1125 2591 1187 2651 et
1242 2587 1380 2660 ideo
1414 2587 1621 2662 *etiam
1668 2589 1739 2651 tu
1787 2588 1919 2652 esto
1959 2584 2314 2667 :intrepidus
2360 2586 2423 2652 et
2468 2583 2790 2649 constans:

531 2707 656 2754 non
723 2689 1015 2755 formides
1081 2690 1298 2755 uultus
1367 2709 1576 2755 eorum
1646 2709 1842 2772 neque
1904 2687 2209 2772 frangaris
2267 2687 2508 2752 ambitu
2554 2704 2787 2751 eorum.

536 2793 780 2876 despice
848 2793 1351 2876 concupiscentes
1418 2792 1836 2862 hereditatem
1902 2794 2079 2856 tuam
2125 2795 2188 2856 et
2245 2790 2594 2855 diuidentes
2664 2791 2789 2857 iam
2811 2796 2896 2861 93

533 2895 698 2960 inter
741 2915 806 2961 se
849 2896 1266 2961 substantiam
1310 2897 1508 2975 tuam,
1557 2896 1665 2977 qui
1711 2914 1831 2959 non
1864 2897 1927 2959 te
1956 2896 2062 2959 sed
2109 2893 2560 2976 patrimonium
2608 2894 2791 2958 tuum

466 3026 519 3068 25
536 2999 834 3083 diligunt,
893 3000 1108 3074 immo
1141 2999 1250 3081 qui
1302 2998 1647 3081 cupiditate
1705 3016 1915 3062 rerum
1973 3002 2224 3064 tuarum
2290 2998 2353 3061 te
2410 2997 2789 3064 execrantur.

535 3121 684 3168 nam
741 3102 908 3168 dum*
945 3105 1057 3172 tua
1110 3101 1488 3185 inpatienter
1531 3101 1779 3180 sitiunt,
1842 3102 1904 3165 te
1950 3104 2213 3166 oderunt
2257 3099 2791 3182 praesentiamque

533 3209 712 3274 tuam
770 3206 948 3287 quasi
1004 3205 1316 3271 aemulam
1373 3204 1496 3270 sibi
1553 3207 1615 3267 et
1662 3204 2087 3276 aduersariam
2119 3204 2490 3270 ‘iudicantes
2555 3204 2792 3268 obicem

678 3391 775 3476 *¹3
828 3392 956 3447 Luc.
1013 3392 1095 3460 12,
1149 3393 1217 3447 33
1436 3392 1471 3446 4
1522 3391 1722 3445 Matth.
1784 3392 1863 3468 19,
1916 3391 1983 3444 21
2205 3391 2270 3445 11
2325 3390 2429 3445 Isa.
2484 3390 2533 3456 5,
2588 3389 2657 3443 20

537 3478 614 3533 19·
639 3478 822 3532 Ezech.
860 3479 910 3544 2,
947 3478 980 3532 6
2100 3497 2105 3503 ·

637 3649 672 3703 3
724 3649 944 3703 uendite
997 3664 1129 3717 quae
1181 3664 1224 3703 s.
1277 3663 1380 3703 scr.
1433 3665 1503 3705 m.
1551 3650 1590 3702 2
1647 3648 1828 3717 inquit
1879 3648 1935 3701 A
2141 3646 2496 3724 elymosinam¹
2544 3644 2655 3699 AB

532 3735 569 3788 4
619 3734 785 3788 habes
838 3751 907 3789 ex
963 3733 1081 3789 -bis
1125 3750 1265 3790 corr.
1313 3750 1380 3789 m.
1418 3737 1460 3789 2
1510 3735 1565 3788 A
1782 3734 1816 3788 5
1867 3731 2125 3788 affinibus
2176 3748 2247 3787 ex
2299 3732 2413 3786 adf-
2474 3746 2610 3785 corr.
2648 3746 2718 3784 m.
2755 3731 2794 3783 2

533 3819 590 3874 Β
798 3820 828 3873 7
882 3819 975 3875 sed
1031 3821 1199 3890 inopi]
1246 3821 1338 3874 sed
1384 3821 1538 3896 egeni
1587 3819 1676 3874 sed
1727 3818 1875 3888 inopi
1920 3819 1977 3874 Β
2037 3820 2127 3873 sed
2173 3818 2357 3892 *egenti
2393 3817 2483 3871 sed
2518 3816 2675 3884 inopi
2711 3803 2794 3873 ed.

534 3905 810 3961 Baluzius
1017 3897 1076 3960 1'1
1114 3905 1307 3975 inquid
1340 3911 1391 3961 et
1426 3907 1474 3959 is
1509 3920 1552 3964 s.
1589 3921 1693 3961 scr.
1728 3917 1799 3959 m.
1835 3906 1877 3959 2
1907 3901 1948 3958 h
1986 3905 2039 3959 Β
2253 3903 2316 3958 12
2350 3902 2566 3957 laudare
2603 3902 2658 3956 Β

536 3992 602 4045 17
638 3991 1135 4048 circumsedentium
1171 3992 1228 4047 Β
1269 3996 1336 4046 et·
1357 4008 1424 4046 ex
1459 3993 1766 4047 circumsid·
1803 4006 1939 4046 corr.
1974 4008 2046 4048 m.
2080 3993 2122 4045 2
2153 3991 2209 4044 A
2413 3990 2480 4044 19
2525 3989 2791 4058 timueris]

533 4079 788 4132 metueris
826 4078 906 4132 ed.
926 4095 929 4102 ·
946 4078 1218 4132 Balwzius
1251 4079 1382 4132 item
1410 4078 1742 4147 paulopost
1776 4079 1838 4131 tu
1876 4077 2042 4131 etiam
2081 4092 2203 4131 cum
2243 4076 2298 4130 Β
2506 4076 2687 4143 inquit
2726 4090 2795 4129 ex

533 4163 724 4233 inquid
771 4179 909 4218 corr.
944 4180 1012 4217 m.
1050 4167 1090 4217 2
1135 4164 1190 4218 B
1396 4163 1465 4218 23
1511 4163 1711 4232 dispice
1747 4164 1830 4230 A,
1869 4164 2042 4232 paulo
2069 4168 2198 4231 post
2233 4162 2435 4231 dispice
2470 4164 2525 4217 A
2561 4168 2616 4217 et
2651 4161 2795 4230 desp.

539 4266 605 4305 ex
642 4249 777 4319 disp.
815 4265 953 4304 corr.
991 4250 1046 4304 Β
