3380 4919
1056 304 1132 358 de
1168 303 1434 373 gubern.
1471 304 1578 358 dei
1625 305 1734 360 VH
1769 309 1798 369 ξ
1833 305 2056 362 58-62.
2564 310 2686 377 175

429 493 647 559 mundi
695 494 1017 558 thesauros
1064 495 1355 560 uideatur
1397 494 1708 577 implesse.
1756 498 1820 561 et
1865 492 2013 578 quid
2055 500 2198 580 post
2244 498 2437 563 haec?
2483 498 2687 562 exal-

425 601 687 664 tatum
737 602 886 672 est,
934 598 1168 680 inquit,
1228 616 1352 664 cor
1412 602 1627 663 tuum
1684 602 1761 664 in
1809 599 2084 665 decore
2139 602 2300 679 tuo,
2361 604 2686 683 propter

424 701 1026 766 multitudinem
1102 702 1624 782 peccatorum
1699 704 2007 767 tuorum
2079 703 2160 767 in
2236 706 2538 769 terram
2611 708 2685 769 te

421 803 742 888 proieci.
821 804 1124 885 quomodo
1169 804 1502 870 Africanae
1557 806 1876 887 potentiae
1937 810 1999 871 et
2044 806 2162 871 hoc
2221 808 2524 889 competit
2575 810 2685 872 aut
2705 806 2783 872 61

384 907 945 989 squemadmodum
991 907 1265 988 proiecta
1310 925 1442 971 esse
1488 908 1739 972 uidetur
1783 908 2164 974 interram?
2217 910 2516 992 quomodo
2564 909 2685 975 nisi

425 1012 601 1094 quia,
651 1012 893 1094 quando
939 1011 1155 1075 amisit
1198 1012 1515 1092 potentiae
1559 1010 1793 1077 ueteris
1839 1012 2269 1090 altitudinem,
2325 1013 2501 1095 quasi
2546 1031 2685 1077 cae-

425 1115 649 1179 lestem
693 1114 971 1195 perdidit
1018 1115 1442 1198 dignitatem?
1504 1118 1583 1179 et
1628 1117 1980 1194 educam,
2027 1117 2252 1201 inquit,
2298 1106 2553 1200 ignem
2597 1120 2686 1183 de

426 1217 673 1282 medio
727 1218 876 1295 tui,
948 1217 1072 1282 hic
1128 1219 1203 1282 te
1259 1217 1699 1283 deuorabit.
1791 1220 1942 1301 quid
1997 1219 2113 1284 hac
2170 1237 2236 1283 re
2287 1219 2543 1285 uerius?
2611 1220 2686 1285 de

424 1319 630 1384 media
684 1320 912 1402 quippe
956 1339 1170 1385 eorum
1216 1320 1553 1402 iniquitate
1597 1321 1764 1404 ignis
1808 1324 2047 1403 peccati
2093 1321 2273 1399 exiit,
2331 1323 2441 1404 qui
2484 1322 2685 1391 felici·-

361 1453 408 1492 10
425 1426 622 1488 tatem
664 1422 889 1506 prioris
936 1422 1236 1504 temporis
1282 1423 1621 1490 deuorauit.
1684 1428 1758 1488 et
1803 1442 2094 1504 omnes,
2142 1424 2381 1507 inquit,
2428 1426 2559 1506 qui
2605 1427 2683 1490 te

424 1529 1074 1593 noueruntinter
1120 1529 1526 1604 nationes,
1575 1530 2285 1594 contristabuntur
2315 1548 2543 1610 super
2587 1534 2682 1595 te.

425 1632 753 1696 conuenire
797 1632 929 1696 illis
973 1631 1090 1696 hoc
1135 1650 1258 1697 nou
1301 1634 1592 1714 putemus
1611 1681 1625 1710 ,
1681 1633 1737 1698 si
1782 1652 1903 1698 non
1949 1634 2186 1697 euersio
2231 1633 2521 1698 Africani
2566 1633 2684 1698 soli

423 1736 629 1799 luctus
676 1737 772 1799 est
815 1737 1053 1817 generis
1097 1735 1376 1800 humani.
1444 1735 1832 1818 perditiO,
1889 1737 2113 1819 inquit,
2173 1736 2432 1801 factus
2489 1755 2566 1801 es
2612 1739 2685 1801 et

424 1855 573 1902 non
620 1839 777 1902 eris
821 1838 1165 1922 amplius
1207 1838 1287 1902 in
1331 1842 1762 1904 aeternum.
1811 1840 1873 1905 in
1918 1840 2330 1922 perditionem
2376 1839 2502 1903 iam
2547 1839 2685 1905 illic

361 1942 687 2006 isdeducta
732 1941 942 2006 omnia
987 1941 1144 2006 satis
1176 1946 1451 2007 constat:
1498 1946 1779 2025 superest
1812 1964 1889 2008 ne
1920 1942 2229 2009 malorum
2261 1942 2684 2022 praesentium

421 2062 652 2126 poenas
701 2044 893 2109 etiam
937 2048 1334 2109 aeternorum
1379 2047 1763 2110 continuatio
1813 2050 2239 2128 consequatur.

503 2146 643 2212 XV.
690 2147 832 2212 Non
876 2148 1151 2228 patiatur
1195 2148 1313 2213 1106
1358 2150 1572 2213 autem
1617 2168 1727 2230 pro
1758 2148 1986 2213 affectu
2031 2167 2176 2213 suae
2218 2148 2680 2213 misericordiae
2700 2144 2783 2210 62

422 2250 587 2319 deus.
635 2249 784 2317 n'am
829 2253 1133 2333 quantum
1177 2253 1258 2315 ad
1293 2252 1591 2316 meritum
1621 2252 1973 2316 nostrorum
2010 2252 2341 2316 criminum
2387 2251 2678 2333 pertinet,

421 2354 514 2419 ita
557 2373 623 2418 se
668 2373 767 2418 res
816 2354 1022 2433 habet,
1070 2355 1144 2420 ut
1173 2354 1307 2436 pati
1338 2372 1517 2436 posse
1550 2354 1857 2419 uideatur.
1914 2353 2064 2435 quid
2098 2353 2262 2418 enim
2292 2353 2681 2435 piaculorum

358 2459 518 2525 mest
560 2477 685 2523 11011
728 2457 864 2524 11116
906 2478 1150 2541 semper
1193 2458 1588 2524 admissum?
1677 2478 1791 2523 nec
1836 2457 1912 2523 de
1968 2453 2261 2522 omnibus
2306 2457 2475 2539 dico,
2535 2458 2683 2541 quia

423 2563 486 2625 et
529 2564 810 2627 enormia
865 2562 991 2627 fere
1047 2567 1195 2628 sunt
1251 2564 1314 2629 et
1369 2562 1516 2628 sciri
1561 2582 1633 2628 ac
1680 2563 1805 2628 dici
1849 2563 2036 2629 tanta
2086 2579 2210 2627 11011
2253 2571 2531 2643 possunt.
2604 2565 2682 2628 de

423 2665 554 2730 sola
598 2665 701 2730 uel
745 2666 1016 2730 maxime
1060 2666 1442 2732 obscenitate
1487 2666 1930 2749 impuritatum
1972 2667 2189 2749 loquor
2233 2665 2328 2748 et,
2377 2665 2537 2748 quod
2583 2667 2682 2729 est

423 2768 693 2853 grauiuS,
750 2767 1241 2850 sacrilegiorum.
1301 2769 1739 2853 praetermitto
1800 2770 1866 2834 in
1910 2770 2117 2851 aliquo
2163 2769 2398 2833 rabiem
2442 2769 2681 2852 cupidi-

421 2872 604 2948 tatis,
662 2870 891 2935 uitium
948 2872 1142 2937 totius
1186 2874 1431 2955 generis
1490 2873 1787 2937 humani:
1846 2876 2165 2956 praetereo
2221 2871 2525 2937 auaritiae
2583 2874 2680 2935 in-

355 3000 405 3041 65
420 2974 898 3052 humanitatem,
944 2977 1265 3057 proprium
1296 2980 1391 3041 est
1423 2977 1846 3041 Romanorum
1874 2995 2070 3059 paene
2100 2976 2379 3040 omnium
2408 2976 2679 3040 malum:

421 3077 807 3161 relinquatur
853 3078 1138 3158 ebrietas,
1179 3079 1488 3147 nobilibus
1517 3079 2022 3164 ignobilibusque
2054 3079 2433 3156 communis;
2466 3082 2679 3144 tacea-

622 3246 653 3299 γ1
700 3244 890 3302 Ezeoh.
925 3244 1011 3308 28,
1050 3244 1115 3298 17
1324 3241 1355 3294 ἰ
1401 3239 1590 3297 Ezech.
1627 3241 1712 3308 28,
1752 3241 1819 3295 18
2025 3241 2092 3294 10
2125 3239 2314 3295 Ezech.
2351 3205 2435 3305 28,
2476 3240 2541 3294 16

424 3331 487 3384 13
521 3330 710 3389 Ezech.
748 3332 833 3396 28,
874 3329 939 3383 19

519 3477 555 3530 4
601 3479 696 3531 aut
732 3493 798 3532 cae
836 3479 898 3530 ut
933 3476 989 3529 A
1024 3491 1162 3530 corr.
1197 3492 1266 3530 m.
1305 3476 1346 3529 2
1548 3475 1583 3528 5
1625 3476 1729 3541 que
1767 3472 2071 3526 ammodum
2118 3474 2175 3527 A
2378 3472 2411 3525 6
2458 3473 2585 3541 quia
2619 3463 2675 3527 Β

419 3578 459 3616 6.
494 3565 527 3617 Ζ.
741 3563 772 3616 ’1
808 3562 1053 3632 perderet
1087 3562 1143 3615 B
1348 3560 1382 3614 9
1427 3559 1604 3613 medio
1651 3559 1708 3612 A
1916 3558 1981 3612 14
2015 3557 2449 3627 imperditionem
2483 3559 2539 3612 A

420 3649 534 3703 illic
580 3649 690 3702 iam
734 3649 789 3702 B
995 3649 1062 3702 16
1102 3650 1321 3702 aeterna
1366 3646 1423 3699 B
1623 3644 1688 3698 21
1726 3644 1958 3698 inermia
1985 3649 2217 3712 practer
2251 3643 2305 3696 Β
2341 3649 2395 3697 ct
2430 3642 2486 3695 A
2518 3644 2680 3699 habet

419 3750 487 3789 m.
511 3739 543 3787 1
751 3734 883 3787 scire
918 3734 974 3787 A
1179 3734 1247 3786 22
1282 3731 1413 3802 quid
1447 3731 1503 3784 B
1700 3730 1771 3784 24
1804 3732 1900 3784 ‘est
1936 3730 2124 3796 totius,
2160 3730 2360 3783 malim’
2395 3729 2671 3796 Halmius,

419 3822 510 3874 cui
545 3820 717 3875 cidem
744 3821 918 3888 paulo
945 3825 1076 3888 post
1110 3818 1470 3874 ‘scribendum
1491 3816 1719 3871 uidetur
1743 3816 2039 3870 communis
2075 3817 2189 3882 (uel
2212 3820 2508 3881 commune)
2546 3818 2675 3884 est‘3

417 3912 676 3960 neutrum
727 3905 1050 3959 crediderim
1061 3926 1082 3970 ,-
1139 3906 1300 3959 immo
1353 3904 1658 3959 Saluianus
1709 3919 1810 3957 suo
1861 3918 2007 3957 more
2072 3902 2365 3957 dictionem
2426 3903 2676 3957 variasse

410 3992 698 4058 putandus
735 3998 813 4045 cst
825 4012 846 4055 ‚·
889 3994 1145 4058 (ceterum
1166 3991 1229 4044 im
1262 3991 1317 4044 A
1351 3990 1429 4043 sic
1456 3988 1881 4057 &nterpumyitur
1914 3988 2091 4042 locus.-
2126 3987 2350 4041 humani
2385 3990 2673 4057 praetereo.

417 4076 696 4131 Auaritiae
731 4081 856 4142 etc.)
1061 4076 1128 4131 25
1179 4076 1323 4146 quod
1367 4074 1639 4144 proprium
1686 4074 1743 4127 B
1947 4074 2017 4128 26
2051 4074 2276 4129 christae
2311 4090 2354 4131 6.
2391 4090 2493 4132 scr.
2528 4091 2597 4129 m.
2635 4077 2676 4128 2

417 4161 465 4214 ti
488 4163 608 4231 (sic)
644 4164 701 4217 A
870 4162 1309 4231 ignobilibusque¹
1340 4177 1408 4216 666
1445 4160 1568 4230 -qui
1603 4162 1657 4212 A
1693 4175 1833 4215 corr.
1859 4177 1929 4216 m.
1953 4166 1992 4217 2
2161 4162 2674 4219 communeuceatur

419 4249 533 4316 (sic)
570 4251 627 4304 A
663 4250 759 4305 6601
794 4266 822 4303 6
858 4250 924 4303 in
960 4264 1235 4303 commune
1270 4264 1402 4305 uoce
1436 4263 1505 4302 cx
1539 4247 1560 4300 i
1596 4262 1736 4302 corr.
