3380 4919
1049 322 1123 378 de
1157 323 1430 393 gubern.
1467 323 1572 378 dei
1609 324 1717 380 VH
1755 329 1785 390 ξ
1820 324 2073 381 99—104.
2566 328 2689 397 189

430 532 592 599 quas
637 513 756 592 illi,
816 516 889 579 de
935 513 1160 596 quibus
1218 512 1547 595 loquimur.
1618 532 1889 593 uxorem,
1937 515 2143 597 inquit
2188 515 2488 596 Socrates,
2542 535 2685 601 pro·

426 617 636 700 priam
696 616 906 681 nullus
974 615 1227 694 habeat,
1299 617 1697 682 matrimonia
1755 617 1918 682 enim
1976 618 2213 683 cunctis
2274 619 2497 685 debent
2554 638 2687 687 esse

430 721 824 802 communia3
894 721 983 785 sic
1047 736 1313 802 namque
1380 720 1575 783 maior
1642 719 1765 784 erit
1831 723 2150 786 concordia
2217 720 2567 802 ciuitatum,
2631 723 2685 787 si

428 842 643 888 omnes
710 824 833 888 uiri
900 822 1147 888 feminis
1213 823 1346 886 sine
1414 820 1785 888 discretione
1843 825 2127 891 omnibus
2184 824 2564 890 misceantur
2618 829 2682 891 et

380 950 405 987 5
429 944 642 992 omnes
687 945 751 991 se
796 927 1035 991 scilicet
1077 923 1346 989 feminae
1392 923 1678 990 omnibus
1723 926 1879 1018 uiris
1923 926 2054 991 sine
2089 926 2488 994 distinctione
2534 931 2682 995 sub-

429 1030 728 1108 sternant,
796 1047 867 1094 ac
911 1028 965 1093 si
1020 1027 1176 1092 fiant
1232 1045 1446 1092 omnes
1504 1028 1627 1093 uiri
1695 1032 1974 1095 omnium
2043 1031 2379 1096 mulierum
2446 1031 2679 1116 mariti,

428 1142 657 1199 omnes
686 1132 954 1198 feminae
999 1132 1280 1197 uirorum
1314 1131 1592 1197 omnium
1636 1149 1872 1197 uxores,
1941 1134 2245 1216 numquid
2291 1133 2493 1199 ullum
2538 1155 2679 1200 um·
2700 1132 2825 1200 102

429 1255 613 1319 quam
660 1238 770 1301 aut
814 1234 1187 1300 freneticum
1232 1236 1346 1299 aut
1374 1235 1864 1314 daemoniacum,
1913 1235 2089 1302 uaria
2119 1236 2508 1303 insaniarum
2536 1238 2678 1304 labe

428 1339 757 1423 furiosum,
826 1339 952 1404 tale
1011 1338 1249 1422 aliquid
1312 1340 1594 1403 locutum
1652 1357 1783 1403 esse
1853 1339 2300 1421 cognouimus‘?
2365 1341 2437 1404 tu
2493 1340 2671 1420 dicis,

356 1466 409 1506 10
425 1443 690 1507 maxime
746 1441 1284 1524 philosophorum,
1342 1439 1461 1505 hac
1515 1440 1761 1506 ratione
1821 1459 2033 1505 omnes
2089 1441 2257 1505 uiros
2317 1460 2451 1508 esse
2495 1443 2678 1509 femi-

425 1563 644 1610 narum
702 1545 984 1610 omnium
1039 1547 1298 1609 maritos
1344 1548 1408 1608 et
1465 1562 1676 1609 omnes
1738 1544 1999 1608 feminas
2062 1544 2342 1610 uirorum
2399 1546 2676 1611 omnium

424 1665 637 1713 uxores
685 1652 746 1712 et
791 1648 1086 1730 paruulos
1141 1664 1354 1712 omnes
1413 1648 1689 1712 omnium
1747 1646 1930 1711 filios,
2003 1648 2070 1712 at
2115 1665 2227 1729 ego
2272 1648 2389 1712 hac
2429 1649 2672 1714 ratione

427 1752 563 1817 dico
607 1769 804 1834 neque
848 1751 1052 1816 ullum
1095 1750 1304 1814 uirum
1347 1750 1539 1815 ullius
1583 1750 1855 1814 feminae
1901 1749 2200 1814 maritum
2232 1769 2430 1834 neque
2474 1751 2673 1816 ullam

423 1854 751 1919 mulierem
817 1854 1009 1919 ullius
1076 1854 1342 1919 masculi
1401 1871 1655 1918 uxorem
1712 1872 1906 1936 neque
1965 1853 2169 1917 ullum
2212 1854 2440 1936 pignus
2486 1854 2675 1919 ullius

360 1984 403 2021 15
421 1960 693 2042 parentis
750 1957 985 2033 filium3
1054 1959 1163 2022 ubi
1225 1956 1395 2022 enim
1448 1958 1800 2040 promiscua
1845 1958 2055 2022 omnia
2099 1959 2162 2020 et
2209 1957 2467 2021 confusa
2509 1959 2673 2039 sunt,

421 2080 599 2126 nemo
667 2067 762 2125 est
829 2062 936 2143 qui
1005 2079 1187 2126 suum
1252 2061 1452 2141 possit
1517 2059 1754 2141 aliquid
1825 2059 2161 2124 uindicare.
2245 2078 2356 2124 nec
2424 2059 2673 2124 suffecit
2697 2060 2818 2126 103

421 2164 902 2245 sapientissime,
959 2165 1035 2228 ut
1092 2163 1345 2246 quidam
1407 2163 1604 2242 aiunt,
1660 2163 2030 2245 philosopho
2089 2162 2306 2226 docere
2362 2161 2496 2238 hoc,
2551 2164 2673 2227 nisi

418 2268 551 2350 ipse
595 2267 873 2344 fecisset;
933 2284 1183 2330 uxorem
1242 2265 1408 2330 enim
1466 2283 1642 2329 suam
1687 2264 1871 2331 alteri
1916 2264 2052 2328 uiro
2099 2264 2382 2342 tradidit,
2430 2264 2672 2329 scilicet

420 2372 581 2435 sicut
625 2370 817 2435 etiam
861 2369 1173 2434 Romanus
1220 2366 1393 2446 Cato,
1440 2367 1503 2432 id
1549 2367 1646 2431 est
1690 2366 1853 2431 alius
1899 2367 2123 2431 Italiae
2154 2366 2457 2432 Socrates.
2525 2385 2665 2432 ecce

356 2494 574 2558 2oquae
619 2477 764 2539 sunt
808 2475 873 2539 et
913 2474 1230 2538 Romanae
1277 2473 1341 2536 et
1386 2471 1634 2536 Atticae
1679 2471 2019 2554 sapientiae
2076 2473 2386 2553 exempla:
2457 2489 2667 2536 omnes

415 2577 663 2661 penitus
709 2578 987 2656 maritos,
1036 2576 1341 2657 quantum
1371 2574 1440 2639 in
1468 2574 1621 2655 ipsis
1651 2574 1793 2653 fuit,
1841 2573 2093 2639 lenones
2124 2592 2383 2639 uxorum
2414 2592 2668 2639 suarum

417 2699 545 2746 esse
611 2682 913 2746 fecerunt.
992 2679 1102 2743 sed
1167 2678 1324 2742 uicit
1390 2680 1604 2742 tamen
1661 2676 1966 2755 Socrates,
2038 2679 2145 2760 qui
2202 2677 2275 2742 de
2331 2678 2449 2742 hac
2493 2697 2559 2742 re
2605 2681 2669 2742 et

413 2784 604 2848 libros
672 2783 946 2849 condidit
1013 2786 1075 2846 et
1139 2782 1469 2845 memoriae
1536 2781 1687 2846 haec
1753 2781 2043 2862 pudenda
2109 2781 2450 2845 mandauit.
2527 2781 2668 2861 plus

415 2887 600 2952 habet
659 2890 822 2951 unde
881 2885 1132 2969 gloriari
1193 2885 1315 2949 sibi
1369 2884 1717 2967 praeceptis
1763 2884 1892 2948 suis
1936 2885 2169 2966 possit:
2239 2885 2543 2967 quantum
2588 2884 2667 2948 ad

355 3016 400 3057 25
415 2992 759 3057 doctrinam
805 3009 982 3055 suam
1026 2989 1313 3073 pertinet,
1358 2989 1619 3069 lupanar
1665 2988 1813 3053 fecit
1860 3007 1891 3050 6
1933 2988 2185 3052 mundo.
2231 2987 2463 3052 iniuste
2494 2986 2666 3051 dam·
2689 2986 2814 3052 104

414 3095 595 3159 natus
661 3094 892 3159 dicitur
936 3112 973 3157 a
1017 3091 1345 3157 iudicibus.
1416 3094 1479 3156 et
1533 3110 1757 3155 uerum
1822 3091 1947 3167 est;
2016 3090 2244 3155 rectius
2301 3089 2467 3154 enim
2523 3110 2666 3154 eum

415 3197 567 3261 haec
630 3196 782 3262 talia
853 3194 1313 3277 praedicantem
1387 3211 1583 3276 genus
1659 3194 1987 3260 damnaret
2052 3193 2428 3271 humanum,
2503 3193 2666 3256 sicut

414 3302 645 3382 absque
702 3297 887 3364 dubio
946 3299 1287 3364 damnauit.
1357 3315 1503 3362 nam
1560 3315 1705 3362 cum
1759 3298 1826 3362 in
1869 3298 1986 3363 hac
2030 3316 2096 3361 re
2143 3295 2491 3361 doctrinam
2536 3297 2665 3359 eius

510 3572 546 3625 4
591 3573 817 3627 feminas
864 3571 919 3625 B
1123 3572 1158 3627 8
1204 3571 1537 3625 demonicum
1585 3571 1640 3624 B
1682 3588 1751 3625 m.
1787 3576 1819 3624 1
2031 3571 2064 3625 9
2108 3570 2423 3639 agnouimus
2471 3570 2526 3623 B

414 3656 477 3711 12
513 3658 580 3712 ad
617 3674 657 3713 s.
695 3674 797 3713 scr.
834 3664 858 3710 t
891 3674 958 3711 m.
987 3659 1028 3712 2
1060 3658 1115 3711 A
1323 3658 1388 3711 13
1424 3657 1589 3711 ullius
1625 3672 1726 3711 om.
1762 3656 1817 3708 A
2018 3656 2082 3709 16
2119 3655 2321 3709 sufficit
2356 3655 2410 3709 A
2445 3661 2510 3710 ut
2548 3656 2665 3724 qui-

414 3744 531 3798 dem
576 3731 811 3799 malebat
852 3744 1255 3800 Rittershusius
1463 3743 1525 3797 17
1579 3745 1753 3811 agunt
1804 3741 1860 3794 A
2067 3740 2236 3795 dicere
2281 3741 2382 3796 hoc
2428 3742 2664 3798 Ritters-

410 3828 601 3884 husius
809 3830 875 3883 19
910 3829 1147 3883 Socratis
1183 3829 1239 3882 A
1445 3829 1514 3882 25
1546 3829 1763 3899 lupinar
1795 3843 1963 3897 super
1998 3828 2054 3897 pi
2087 3843 2191 3881 scr.
2230 3845 2261 3881 a
2296 3845 2365 3884 m.
2400 3831 2440 3882 2
2475 3830 2528 3881 A

409 3927 436 3965 6
470 3929 568 3968 om.
604 3915 659 3968 B
844 3914 911 3968 26
945 3915 1075 3968 haec
1110 3930 1230 3968 eum
1268 3915 1323 3968 B
1505 3915 1573 3970 28
1608 3914 2022 3983 condempnauit
2056 3915 2167 3967 AB
2220 3914 2497 3968 damnauit
2534 3931 2657 3970 cum

409 3999 524 4054 edd.
560 4001 822 4055 Halmius
830 4021 851 4066 ‚-
904 4002 1143 4056 retinere
1196 4018 1311 4056 non
1345 4002 1603 4057 dubitaui
1646 4001 2024 4056 condemnauit
2070 4002 2201 4070 quia
2242 4001 2371 4056 talis
2415 4001 2663 4057 evariatio

407 4087 560 4140 uerbi
603 4087 818 4141 auctori
862 4088 1240 4155 perplacuisse
1285 4089 1528 4153 uidetur,
1581 4094 1644 4143 ut
1687 4090 1800 4143 iam
1844 4089 2111 4143 monitum
2156 4093 2259 4157 est;
2310 4095 2549 4144 ceterum
2590 4088 2662 4155 cf.

406 4178 452 4235 §.
489 4175 623 4227 105:
671 4172 956 4227 constituit
984 4210 1032 4224 ..
1061 4176 1368 4230 statuerunt
1404 4180 1455 4230 et
1499 4174 1626 4229 VII
1653 4178 1717 4230 2:
1757 4173 1979 4228 inrideri
2014 4173 2242 4229 debeant
2275 4175 2369 4244 qui
2405 4191 2460 4229 se
2495 4174 2658 4228 rideri

408 4258 598 4312 uolunt
635 4264 687 4314 et
722 4259 973 4314 India-em
1008 4259 1119 4315 ΙΙΙ
2687 4271 2690 4276 “
