3380 4919
737 304 860 373 158
1672 299 2010 355 'Saluiani

737 492 1128 558 officiosiores
1171 491 1405 573 absque
1445 488 1633 555 dubio
1677 491 1791 555 deo
1834 489 2350 555 esse-debuerant*
2375 504 2534 570 quos
2553 540 2558 549 .
2577 487 2972 569 peculiariter

733 597 883 661 deus
925 593 1466 659 abundantissima
1488 590 1932 657 ‘beneficiorum
1961 609 2215 657 suorum
2258 590 2404 656 dote
2423 615 2428 618 ’
2445 590 2794 657 ditauerat..
2821 590 2970 674 quid

736 696 901 762 enim
946 697 1177 763 rectius
1224 695 1336 761 aut
1379 695 1526 778 quid
1579 694 1830 777 dignius
1846 743 1862 775 ‚
1929 711 2119 778 quam
2173 695 2246 760 ut
2268 694 2515 777 'quibus
2549 700 2668 777 ‘per
2713 711 2971 761 munera

698 810 715 863 .·
734 820 848 868 sua
890 800 1179 867 dominus
1222 796 1401 882 quasi
1444 797 1802 881 specialiter
1830 797 2161 873 uidebatur
2203 797 2446 880 plaeere
2473 796 2760 876 uoluisse,
2805 798 2972 879 idem

733 920 977 986 quoque
1020 901 1348 985 specialius
1393 901 1640 967 domino
1687 900 1861 966 cultu
1905 918 1980 966 ac
2024 899 2322 983 religione
2351 899 2766 983 placuissent..
2794 916 2970 982 prae-
3012 916 3041 958 s

734 1006 951 1071 sertim
997 1023 1141 1071 cum
1181 1021 1220 1069 a
1263 1003 1441 1071 nobis
1487 1007 1653 1079 deus
1689 1003 1781 1069 nil
1824 1020 2150 1071 onerosum
2195 1002 2289 1068 nil
2330 1019 2518 1085 graue
2561 1002 2785 1086 exigat.
2845 1018 2971 1077 non

735 1108 902 1175 enim
947 1124 1058 1173 nos
1116 1106 1195 1171 ad
1237 1109 1444 1172 aratra
1487 1108 1598 1173 aut
1641 1106 1721 1171 ad
1764 1106 2002 1190 ligones
2046 1106 2253 1184 uocat,
2297 1124 2424 1171 non
2468 1108 2543 1171 ad
2603 1103 2971 1185 scindendas

734 1212 933 1277 terras
978 1227 1176 1292 neque
1222 1210 1302 1274 ad
1356 1209 1571 1275 uineas
1614 1207 2034 1292 pastinandas,
2079 1228 2203 1274 non
2240 1208 2504 1291 denique
2546 1207 2659 1274 illa·
2699 1207 2892 1293 exigit
2934 1228 2973 1276 a

635 1311 720 1380 10
733 1315 930 1380 seruis
974 1311 1105 1377 suis
1123 1359 1140 1392 ‚
1187 1329 1341 1395 quae
1387 1328 1498 1376 nos
1544 1311 1850 1395 exigimus
1896 1329 1933 1376 a
1988 1312 2237 1378 nostris,
2325 1311 2479 1393 quid
2523 1329 2792 1394 namque
2833 1311 2971 1377 ait?

733 1418 1005 1482 uenite
1074 1417 1163 1482 ad
1235 1433 1347 1482 me
1420 1433 1729 1492 omneS,
1818 1414 1951 1496 qui
2035 1414 2434 1479 laboratis
2509 1417 2586 1479 et
2659 1415 3040 1493 oneratim

734 1519 971 1598 ostie,
1040 1522 1117 1584 et
1181 1537 1319 1603 ego
1385 1537 1518 1584 uos
1582 1517 1983 1587 reficiam:
2051 1518 2330 1583 tollite
2392 1519 2674 1613 iugum1
2719 1537 2970 1584 meum

735 1640 968 1705 super
1038 1640 1176 1688 uos
1251 1623 1327 1688 et
1398 1620 1692 1687 discite
1765 1639 1802 1686 a
1873 1640 1988 1685 me
2019 1668 2034 1699 ,
2109 1622 2294 1702 quia
2363 1622 2588 1685 mitis
2660 1639 2826 1691 sum
2895 1608 2971 1686 et

732 1724 1071 1791 humilis
1147 1725 1408 1804 corde,
1483 1727 1564 1790 et
1628 1724 2510 1806 inuenietisrequiem
2567 1724 2969 1791 animabus

734 1828 1061 1905 uestris;
1105 1826 1374 1912 iugum
1419 1828 1619 1893 enim
1664 1846 1909 1894 meum
1955 1845 2190 1893 suaue
2237 1829 2359 1892 est
2395 1829 2475 1899 Aet
2508 1845 2696 1892 onus
2724 1846 2971 1893 meum

733 1927 912 1993 leue
957 1934 1092 1995 est.
1183 1948 1307 1997 non
1352 1948 1495 2019 ergo
1540 1948 1653 1996 nos
1702 1930 1782 1995 ad
1824 1931 2100 1996 laborem
2143 1930 2333 2004 uocat
2398 1929 2686 1995 dominus
2727 1931 2848 1996 sed
2892 1931 3041 1999 ad1⁵

733 2031 1149 2101 refectionem.
1222 2035 1372 2117 quid
1416 2049 1682 2118 namque
1727 2053 1765 2098 a
1805 2035 1984 2105 nobis
2028 2034 2251 2119 exigit,
2308 2033 2455 2117 quid
2499 2034 2794 2116 praestari
2850 2032 2971 2099 sibi

734 2154 771 2200 a
801 2135 984 2201 nobis
1014 2136 1206 2216 iubet,
1252 2139 1372 2202 nisi
1401 2138 1599 2204 solam
1641 2140 2073 2203 tantummodo
2102 2137 2287 2203 fidem
2320 2135 2672 2203 castitatem
2714 2135 2972 2200 humili·

734 2238 931 2305 tatem
987 2240 1388 2307 sobrietatem
1445 2240 1936 2309 misericordiam
2007 2240 2411 2311 sanctitatem
2426 2242 2459 2304 ?
2545 2256 2701 2322 quae
2755 2242 2969 2322 utique

636 2340 710 2404 11
734 2342 942 2408 omnia
985 2359 1105 2407 non
1149 2346 1406 2409 onerant
1451 2361 1563 2409 nos
1607 2343 1713 2408 sed
1758 2343 2001 2410 ornant.
2077 2362 2189 2410 nec
2233 2344 2436 2411 solum
2478 2342 2622 2423 hoc,
2681 2341 2791 2407 sed
2830 2342 2969 2408 ideo

732 2445 955 2513 uitam·
990 2451 1380 2529 praesentem
1438 2442 1690 2527 ornant,
1761 2448 1832 2514 ut
1898 2447 2174 2518 futuram
2241 2465 2454 2516 ornare
2509 2447 2649 2529 plus
2707 2443 2965 2529 possint.
2987 2463 3040 2505 so

734 2568 769 2614 o
814 2551 1044 2617 bonum
1087 2569 1122 2615 o
1166 2552 1341 2634 pium
1372 2570 1406 2617 o
1436 2550 1922 2620 inaestimabilis·
1964 2550 2423 2623 misericordiae
2459 2549 2816 2622 dominum!
2862 2546 2970 2631 qui

732 2654 808 2717 ad
854 2653 969 2718 hoc
1013 2653 1192 2719 nobis
1235 2653 1302 2718 in
1352 2654 1661 2737 praesenti
1720 2653 2035 2736 religionis
2079 2671 2345 2722 munera
2400 2652 2670 2731 tribuit‚·
2709 2655 2782 2717 ut
2838 2652 2970 2734 ipsa

735 2756 800 2819 in
843 2756 1018 2821 nobis
1060 2757 1279 2838 postea
1308 2775 1464 2839 quae
1494 2775 1659 2823 nunc
1704 2758 1813 2822 dat
1841 2774 2099 2824 munera
2131 2757 2504 2824 muneretur.
2571 2758 2733 2826 tales
2777 2756 2970 2838 igitur

702 2913 705 2920 .
734 2857 925 2923 etiam
970 2876 1180 2924 omnes
1225 2858 1458 2941 absque
1489 2859 1678 2925 dubio
1702 2859 2003 2942 Aquitani
2025 2873 2166 2926 'esse
2196 2860 2554 2940 debuerant,
2591 2863 2666 2928 :et
2695 2859 2965 2942 quidem,

734 2960 809 3024 ut
851 2959 1144 3039 diximuS‚
1192 2963 1520 3042 specialius
1565 2963 1746 3040 taleS‚
1792 2962 1941 3044 quia
1983 2961 2274 3044 specialia
2325 2961 2428 3027 dei
2471 2979 2730 3026 munera
2771 2960 2968 3044 possi·
2987 2983 3038 3024 ιε

633 3058 713 3123 12
735 3061 984 3127 debant.
1047 3067 1109 3128 et
1155 3063 1304 3146 quid
1348 3065 1490 3145 post
1533 3064 1684 3128 haee
1729 3064 1981 3129 omnia?
2042 3064 2193 3147 quid
2241 3065 2588 3130 secundum
2628 3066 2768 3129 est?
2819 3063 2968 3146 quid

732 3164 855 3229 nisi
900 3166 1125 3231 cuncta
1169 3184 1324 3249 quae
1369 3184 1403 3230 e
1448 3165 1693 3232 diuerso
1738 3170 1931 3232 sunt?>
2003 3168 2067 3232 in
2121 3168 2404 3234 omnibus
2462 3169 2683 3250 quippe
2746 3164 2967 3231 Galliis

732 3265 895 3332 sicut
938 3267 1178 3334 diuitiis
1221 3269 1410 3352 primi
1454 3268 1626 3335 fuere
1666 3271 1758 3335 sic
1799 3269 2003 3350 uitii83
2031 3288 2370 3353 -nusquam
2414 3270 2592 3336 enim⁴
2625 3268 2966 3355 improbior

732 3573 739 3580 .
828 3487 873 3492 “’
935 3498 1002 3553 10
1047 3498 1243 3552 Matth.
1284 3497 1366 3565 11,
1401 3498 1469 3552 28

788 3743 791 3750 ·
820 3711 858 3763 ¹1
899 3709 1158 3764 officiores
1191 3726 1234 3765 s.
1270 3710 1320 3764 ci
1351 3726 1453 3766 sor.
1488 3727 1559 3766 m.
1594 3713 1636 3767 2
1681 3710 1761 3765 osi
1796 3712 1850 3765 A
2053 3712 2404 3780 peculiariter]
2441 3710 2741 3780 specialiter
2760 3711 2831 3768 ..Β

729 3792 763 3846 2
799 3792 1096 3848 dictauerat
1121 3800 1319 3865 punct.
1355 3811 1385 3850 c
1418 3797 1474 3851 A
1560 3791 1563 3796 ’
1675 3797 1712 3851 6
1755 3796 1896 3850 nihil
1940 3795 2254 3852 honerosum
2301 3797 2358 3851 B
2560 3797 2593 3851 9
2639 3796 2750 3851 suis
2796 3796 2965 3850 seruis

729 3879 786 3933 B
982 3881 1058 3935 -10
1100 3881 1306 3936 onerati
1341 3893 1415 3937 eto
1443 3882 1693 3937 honorati
1738 3883 1791 3935 A
1826 3898 1964 3938 corr.
2001 3899 2071 3938 m.
2106 3887 2145 3939 2
2350 3884 2420 3939 15
2462 3886 2547 3938 est
2590 3888 2811 3952 praeter
2854 3883 2965 3937 AB

730 3965 895 4019 etiam
936 3965 986 4019 T
1015 3966 1189 4021 habet—
1206 3967 1301 4022 sed
1334 3983 1374 4022 s.
1401 3968 1436 4022 1.
1459 3984 1528 4022 m.
1553 3984 1671 4035 rec,·
1707 3968 1778 4034 cf.
1803 3968 2017 4022 Halmii
2038 3967 2170 4022 adn.
2373 3970 2440 4024 16
2473 3971 2740 4038 praestare
2774 3971 2830 4025 A

734 4051 800 4105 18
845 4052 1188 4106 sanctitatem
1230 4067 1366 4122 quae
1410 4069 1479 4109 ex
1521 4055 1862 4123 sanctitateq:
1898 4056 1952 4109 A
1987 4070 2122 4138 corr.
2153 4072 2220 4111 m.
2257 4059 2295 4109 2
2431 4135 2434 4138 Ι
2495 4054 2565 4108 20
2605 4054 2734 4124 plus
2779 4070 2965 4109 ornare

731 4138 884 4206 B(T)
1053 4140 1117 4194 21
1153 4140 1279 4209 quia
1315 4144 1376 4205 (s.
1411 4155 1445 4193 a
1477 4155 1580 4196 scr.
1605 4139 1639 4194 d
1662 4157 1731 4193 m.
1754 4145 1812 4207 2)
1847 4140 1946 4195 hoo
1977 4142 2033 4196 A
2203 4142 2270 4196 23
2304 4142 2439 4196 tales
2473 4155 2539 4196 σω
2573 4141 2704 4195 talis
2740 4137 2793 4195 A
2829 4157 2963 4197 corr.

728 4240 796 4279 m.
833 4227 871 4280 2
1073 4224 1143 4279 26
1177 4225 1464 4280 secundum
1490 4231 1686 4295 punct.
1725 4227 1892 4281 ndum
1929 4233 1981 4283 et
2014 4243 2056 4283 s.
2089 4243 2191 4283 scr.
2227 4244 2298 4282 m.
2332 4232 2370 4285 2
2402 4230 2466 4282 tu
2500 4229 2556 4282 A
