3380 4919
1102 331 1177 383 de
1213 328 1489 397 gubern.
1527 325 1633 379 dei
1673 326 1734 380 ΙΙ
1771 329 1801 388 5
1837 322 2057 378 20-26,
2623 317 2707 382 39

457 524 819 607 egestuosus
852 521 911 584 in
948 519 1404 602 comparatione
1437 549 1469 583 a·
1497 516 1594 582 sui
1639 516 1829 593 solue,
1877 513 2121 596 fugiens
2156 530 2298 576 cum
2343 512 2517 575 metu
2563 528 2707 575 cum

455 628 752 692 dedecore
811 643 949 689 cum
1005 624 1215 688 luctu:
1274 624 1593 703 operto,
1650 618 1859 700 inquit
1913 616 2250 700 scriptura,
2320 615 2573 699 capite
2633 617 2708 680 et

455 731 685 795 nudis
740 728 1076 810 pedibus
1134 725 1537 802 incedens,
1599 722 1916 805 superstes
1971 719 2196 802 prioris
2256 719 2491 800 statue,
2550 740 2589 784 a
2641 738 2707 784 se

451 834 582 917 ipso
642 833 959 910 exsulans,
1017 848 1209 912 paene
1251 828 1382 894 iam
1424 830 1568 909 post
1623 844 1689 890 se
1735 827 1985 903 uiuens‚
2055 825 2328 888 deiectus
2386 841 2581 905 usque
2639 822 2707 886 in

408 956 775 1003 eseruorum
823 954 1078 1001 suorum
1121 934 1244 1010 uel,
1292 933 1455 1014 quod
1500 948 1695 1015 graue
1728 933 1839 1009 est,
1887 927 2347 1007 contumeliam,
2394 927 2496 991 uel
2542 928 2706 1008 quod

452 1042 730 1123 grauiu8‚
779 1039 1300 1116 misericordiam,
1361 1038 1431 1100 ut
1490 1035 1594 1098 uel
1641 1031 1792 1098 Siba
1849 1050 1993 1096 eum
2036 1035 2318 1113 pasceret
2362 1032 2464 1095 uel
2509 1032 2705 1095 male-

454 1145 656 1209 dicere
703 1142 905 1208 Semei
962 1141 1206 1223 publice
1253 1157 1375 1204 non
1422 1137 1708 1212 timeret,
1768 1135 1862 1200 ita
1920 1135 2020 1199 dei
2078 1134 2308 1200 iudicio
2354 1153 2392 1198 a
2435 1152 2501 1198 se
2548 1134 2707 1199 alter

454 1246 737 1327 effectus,
797 1248 869 1311 ut
913 1246 1004 1318 ei,
1065 1263 1249 1326 quem
1306 1241 1606 1307 timuerat
1651 1237 1916 1304 forsitan
1959 1239 2128 1302 totus
2176 1238 2373 1317 orbis,
2434 1255 2594 1302 unus
2639 1237 2706 1300 in

452 1350 675 1415 faciem
719 1348 1058 1414 insultaret
1115 1347 1424 1411 inimicus.

381 1477 432 1515 ιο
534 1452 642 1519 VI.
691 1451 817 1518 Ubi
865 1454 1034 1529 sunt,
1083 1450 1190 1532 qui
1236 1469 1273 1514 a
1318 1449 1431 1513 deo
1478 1445 1705 1528 respici
1749 1464 1849 1510 res
1880 1445 2188 1509 humanas
2233 1445 2511 1527 negant?
2564 1461 2705 1509 ecce
2726 1440 2812 1506 24

448 1556 732 1638 quotiens
778 1558 972 1619 testes
1019 1553 1183 1619 sacri
1226 1552 1295 1617 in
1350 1568 1613 1632 persona
1656 1549 1843 1614 unius
1887 1547 2156 1613 hominis
2193 1564 2314 1612 non
2363 1548 2705 1629 respexisse

450 1659 886 1724 tantummodo
936 1659 1122 1722 deum
1166 1675 1387 1720 uerum
1434 1655 1628 1721 etiam
1672 1653 1985 1718 iudicasse
2048 1651 2409 1716 docuerunt.
2487 1653 2550 1714 et
2595 1668 2704 1714 cur

448 1763 599 1827 haec
655 1764 910 1827 omnia?
1000 1778 1109 1825 cur
1178 1759 1433 1841 utique,
1503 1758 1626 1823 nisi
1695 1760 1768 1821 ut
1835 1755 2378 1837 intellegeremus,
2444 1757 2704 1819 eandem

449 1864 728 1929 futuram
773 1883 1015 1945 semper
1059 1864 1127 1927 in
1174 1865 1404 1928 mundo
1454 1880 1778 1927 censuram
1826 1863 1888 1925 et
1949 1861 2383 1925 coercitionem
2445 1858 2703 1936 domini,

379 1990 430 2030 15
449 1985 607 2048 quae
640 1967 907 2032 fuisset?
940 1970 1002 2030 et
1026 1967 1168 2031 ideo
1201 1968 1392 2032 etiam
1422 1969 1674 2030 sanctos
1707 1964 1991 2028 homines
2023 1963 2363 2045 castigatos
2395 1965 2705 2045 quondam
2723 1969 2808 2038 25

446 2070 679 2134 iudicio
726 2072 825 2136 dei
870 2070 1156 2152 legimuS‚
1203 2070 1276 2132 ut
1321 2071 1680 2134 iudicandos
1725 2086 1836 2133 nos
1882 2069 1995 2133 deo
2041 2067 2244 2132 iudice
2290 2068 2480 2131 etiam
2525 2086 2705 2151 prae-

450 2172 616 2237 senti
685 2172 931 2238 saeculo
1001 2189 1427 2248 nosceremus,
1498 2172 1643 2252 quia
1707 2171 1871 2235 sicut
1938 2171 2035 2234 est
2094 2170 2245 2234 deus
2304 2191 2546 2253 semper
2612 2172 2705 2236 sic

448 2273 697 2338 iustitia
741 2275 838 2338 dei
885 2294 1158 2355 semper,
1220 2273 1384 2337 sicut
1429 2274 1888 2353 omnipotentia
1931 2273 2165 2337 domini
2209 2275 2571 2339 indeficiens
2615 2277 2705 2338 sic

445 2394 712 2442 censura
768 2376 1272 2454 indemutabilis,
1332 2374 1495 2439 sicut
1540 2377 1692 2440 deus
1738 2377 1871 2441 iure
1928 2378 2267 2457 perpetuus
2324 2379 2413 2441 sic
2458 2377 2704 2443 iustitia

375 2499 865 2563 zoperseuerans.
959 2481 1023 2544 et
1076 2480 1214 2546 ideo
1274 2497 1484 2543 omnes
1542 2479 1875 2543 admodum
1922 2479 2128 2544 sancti
2169 2481 2235 2544 in
2281 2480 2461 2546 libris
2507 2483 2700 2547 sacris

442 2586 610 2649 inter
655 2585 1090 2650 discriminum
1119 2582 1590 2649 imminentium
1618 2585 1833 2647 metus
1866 2585 1929 2648 et
1959 2587 2419 2666 persecutorum
2463 2585 2702 2666 gladios

444 2687 741 2755 constitui
799 2706 1090 2770 praesens
1147 2687 1452 2752 iudicium
1520 2687 1619 2751 dei
1687 2687 2027 2768 postulant.
2118 2688 2208 2753 sic
2266 2690 2429 2754 enim
2494 2688 2700 2753 iustus
2721 2697 2806 2763 26

446 2791 602 2856 dicit
646 2792 713 2857 in
758 2793 1029 2875 psalmo:
1075 2791 1344 2857 iudica
1389 2809 1530 2871 me,
1577 2792 1800 2868 dene,
1860 2795 1933 2855 et
1979 2791 2343 2857 discerne
2389 2808 2702 2856 causam

442 2913 695 2959 meam
751 2898 842 2962 de
901 2896 1134 2979 gente
1195 2913 1338 2959 non
1397 2898 1693 2959 sancta.
1784 2894 1945 2976 quod
2004 2914 2081 2959 ne
2138 2894 2218 2959 ad
2274 2894 2558 2959 futurum
2602 2894 2701 2960 dei

375 3018 426 3059 2⁵
443 2998 747 3062 iudicium
795 2999 965 3064 trahi
999 3002 1241 3082 posset,
1297 2998 1575 3064 subdidit
1620 2998 1875 3063 statim:
1934 2998 2022 3063 ab
2069 2998 2380 3063 homine
2424 3001 2700 3083 iniquo

444 3103 519 3164 et
563 3101 833 3168 doloso
881 3105 1097 3186 eripe
1139 3122 1272 3167 me.
1338 3120 1633 3185 praesens
1677 3102 1894 3183 utique
1939 3101 2239 3167 iudicium
2284 3105 2381 3168 dei
2424 3104 2701 3188 postulat

443 3205 549 3285 qui
593 3205 851 3271 liberari
905 3224 970 3270 se
1031 3206 1107 3270 de
1162 3224 1354 3270 manu
1408 3205 1827 3286 persecutoris
1870 3205 2189 3288 implorat.
2280 3209 2342 3270 et
2385 3205 2547 3272 bene
2588 3224 2697 3290 pro

646 3357 680 3411 2
714 3358 772 3411 11
806 3358 938 3426 Reg.
978 3358 1060 3424 15,
1096 3358 1166 3412 30
1367 3359 1400 3411 6
1436 3357 1494 3411 II
1529 3358 1661 3426 Reg.
1701 3358 1768 3410 16
1976 3357 2044 3411 23
2079 3359 2223 3414 Psal.
2260 3359 2346 3425 42,
2386 3360 2411 3412 1

547 3498 574 3550 1
615 3502 745 3565 post
791 3496 1185 3565 comparatione
1228 3497 1487 3550 lacunam
1521 3497 1902 3564 siynauimus3
1959 3496 2224 3550 excidisse
2248 3498 2501 3564 putarim
2536 3498 2698 3551 comi·

438 3584 593 3634 tatus
631 3587 683 3636 et
718 3583 780 3635 in
818 3583 902 3635 sui
938 3584 1112 3636 latere
1161 3582 1342 3647 soliti3
1397 3583 1687 3636 Hartelius
1734 3583 1909 3636 uerba
1953 3583 2013 3636 in
2062 3582 2454 3651 comparatione
2500 3584 2584 3637 sui
2631 3600 2700 3637 ex

434 3669 688 3735 proxime
713 3668 1160 3723 antecedentibus
1181 3669 1322 3723 male
1345 3669 1583 3736 repetita
1608 3684 1719 3722 esse
1743 3674 1922 3723 censet
2104 3669 2138 3722 3
2174 3684 2327 3736 super
2351 3668 2471 3723 istis
2506 3670 2561 3723 Β

437 3753 473 3805 4
497 3753 713 3806 exulans
737 3754 792 3807 Β
954 3756 987 3807 6
1008 3754 1165 3823 Syba]
1194 3754 1301 3807 sibi
1326 3753 1382 3807 Β
1552 3754 1586 3807 9
1610 3754 1803 3807 faciem
1826 3772 1884 3808 v:
1923 3754 2057 3807 facie
2082 3753 2193 3806 AB
2369 3755 2433 3806 17
2459 3755 2586 3810 deus
2612 3762 2699 3810 est

439 3855 643 3907 semper
667 3840 722 3893 Β
897 3840 962 3894 18
996 3840 1091 3894 dni
1125 3841 1181 3894 A
1203 3857 1245 3894 s.
1273 3841 1308 3894 ῑ.
1334 3858 1401 3896 m.
1429 3846 1458 3895 1
1635 3841 1705 3894 25
1742 3840 1983 3894 subdidit
2004 3841 2055 3894 A
2083 3841 2228 3908 quod
2251 3842 2434 3909 recepi
2460 3849 2509 3896 et
2530 3842 2696 3907 facil-

439 3925 569 3977 lima
595 3926 895 3980 mutatione
919 3930 1097 3994 posset
1117 3928 1317 3994 scripsi
1332 3943 1441 3996 pro
1465 3927 1636 3997 possit
1659 3943 1987 3995 quamquam
2012 3932 2064 3981 et
2086 3926 2257 3995 possit
2280 3930 2515 3982 retinere
2538 3931 2697 3997 potui

438 4011 544 4076 cfr.
567 4012 719 4075 IIII,
739 4016 827 4066 18.·
855 4012 1098 4066 subdidit
1122 4015 1338 4080 statim3
1363 4013 1438 4067 ad
1460 4014 1667 4068 EccleS.
1689 4013 1734 4066 Ι
1744 4017 1794 4067 7:
1821 4013 1953 4067 bene
1976 4013 2205 4081 addidit,
2232 4020 2283 4069 et
2300 4016 2471 4083 paulo
2494 4022 2622 4070 ante
2643 4020 2699 4070 6.-

437 4097 932 4151 ne—insolesceret
967 4098 1187 4164 adiecit3
1237 4100 1473 4167 denique
1505 4099 1605 4153 sub
1641 4100 1738 4166 lin.
1772 4100 1938 4153 huius
1971 4101 2148 4167 ipsius
2183 4102 2340 4155 libri.-
2375 4107 2439 4155 ut
2473 4103 2696 4156 enim—

437 4182 744 4235 ostenderet
765 4183 1001 4236 ‘iudicas’
1020 4186 1201 4252 posuit
1219 4191 1269 4238 et
1289 4186 1516 4239 deinde.-
1540 4185 2051 4255 ut-—distingueret‚
2080 4188 2308 4242 subiecit
2333 4192 2518 4257 postea
2540 4191 2698 4244 ‘iudi-

437 4266 599 4320 cabit’
637 4269 705 4334 cf.
735 4268 908 4334 IIII,
933 4273 1003 4323 16
1038 4270 1198 4336 alibi3
1254 4271 1439 4324 subdit
1475 4272 1530 4325 Β
1553 4272 1816 4326 Halmius
1988 4274 2055 4326 26
2093 4274 2177 4327 dei
2213 4274 2469 4329 iudicium
2505 4277 2561 4330 Β
