3380 4919
686 343 812 408 212
1653 339 1967 392 Saluiani

686 530 1036 594 innocentia
1102 529 1526 605 blandiamur,
1599 527 1746 611 quid
1790 528 1860 592 tu
1907 529 1984 591 (16
2030 527 2210 592 1161616
2265 527 2498 591 sentias
2556 530 2930 609 nescientes3

686 634 780 697 tui
837 631 1002 696 enim
1070 632 1247 697 nobis
1313 650 1529 697 66116116
1596 632 1797 712 magis
1856 649 2043 713 quam
2102 633 2350 694 nostrae
2409 630 2715 711 opinionis
2776 633 2935 697 ratio

686 737 968 802 habenda
1012 737 1121 801 est.
1183 739 1468 818 superest
1497 755 1661 821 erge,
1709 737 1782 799 ut
1825 735 1880 799 si
1924 734 2074 816 quid
2120 732 2292 799 aliud
2327 736 2392 797 et
2437 733 2732 814 quicquid
2776 734 2936 799 illud

688 840 1087 904 commissum
1119 858 1156 903 a
1185 839 1364 903 nobis
1396 842 1510 922 est,
1556 839 1647 917 tu,
1696 839 1802 920 qui
1846 838 1909 902 id
1942 837 2172 902 offensa
2201 837 2460 919 dignum
2504 839 2707 918 putaS,
2754 839 2940 901 uenia

648 976 653 985 ‚
690 960 926 1025 quoque
971 960 1095 1006 non
1138 942 1471 1024 indignum
1517 940 1856 1006 arbitreris,
1926 939 2188 1022 pulchre
2232 938 2351 1003 tibi
2394 938 2531 1019 ipse
2576 940 2642 1004 in
2688 944 2938 1005 tuorum
2984 967 3011 1007 5

689 1046 868 1110 reatu
914 1047 1063 1109 satis
1111 1044 1317 1111 facies,
1379 1043 1540 1108 nihil
1587 1044 1662 1108 de
1706 1043 1942 1107 ultione
1986 1042 2190 1124 perdit
2221 1041 2350 1106 filio
2381 1040 2709 1124 ignoscens
2741 1044 2938 1126 pater,

689 1147 836 1230 quia
891 1147 1131 1213 felicius
1191 1147 1390 1212 multo
1449 1149 1545 1212 est
1588 1149 1650 1210 et
1694 1145 2070 1210 laudabilius
2115 1143 2243 1209 suis
2287 1144 2557 1225 aliquem
2606 1147 2794 1210 etiam
2839 1145 2940 1208 in-

688 1252 916 1315 merito
963 1251 1275 1333 ignoscere
1319 1268 1507 1332 quam
1554 1250 1619 1313 in
1664 1267 1806 1315 suos
1865 1249 2054 1313 etiam
2100 1246 2323 1312 merito
2370 1246 2706 1312 uindicare.
2778 1248 2940 1313 uale.

1506 1453 1967 1537 EPISTOLA
2040 1454 2124 1535 V.

637 1623 670 1687 1
1237 1625 1608 1691 Cetturae
1665 1627 1921 1690 sorori
1966 1625 2404 1691 Saluianus.
2965 1655 3015 1692 10

778 1747 916 1813 Etsi
963 1750 1217 1813 docente
1249 1747 1447 1811 Paulo
1493 1747 1771 1828 apostolo
1819 1746 1968 1830 quid
2013 1747 2343 1811 conueniat
2387 1766 2495 1812 nos
2528 1766 2699 1812 orare
2745 1744 2943 1811 nesci-

584 1862 591 1899 ·‘
693 1870 855 1936 mus,
924 1871 1043 1934 quo
1086 1850 1162 1914 fit
1204 1853 1276 1914 ut
1320 1850 1634 1914 interdum
1704 1850 1852 1932 quid
1917 1850 2084 1915 116116
2153 1850 2265 1914 aut
2326 1851 2598 1933 gaudere
2665 1847 2946 1931 oporteat

696 1957 1066 2036 nesciamuS,
1125 1958 1332 2017 tamen
1395 1970 1508 2035 ego
1568 1970 1679 2034 pro
1741 1954 2056 2016 communi
2114 1952 2370 2017 humani
2430 1952 2670 2035 generis
2716 1951 2945 2016 affectu

700 2060 844 2139 (quo
889 2074 1100 2121 omnes
1147 2055 1481 2120 admodum
1529 2055 1810 2119 homines
1854 2055 1956 2137 pie
2002 2057 2203 2138 magis
2235 2074 2423 2137 quam
2468 2056 2777 2138 sapienter
2821 2072 2944 2133 666,

697 2159 802 2242 qui
833 2160 1009 2225 nobis
1043 2178 1227 2224 curae
1256 2161 1423 2236 sunt,
1472 2158 1759 2239 cupimus
1803 2176 1990 2240 quam
2022 2158 2374 2223 diutissime
2407 2176 2539 2223 esse
2570 2157 2946 2238 nobiscum),
2968 2188 3017 2227 15

697 2265 951 2346 gaudeo,
997 2266 1158 2344 quod
1202 2262 1346 2343 post
1390 2278 1646 2343 grauem
1692 2261 2179 2342 diuturnumque
2223 2261 2507 2325 morbum
2540 2279 2715 2342 spem
2760 2260 2949 2325 etiam

696 2366 1037 2447 praesentis
1106 2364 1274 2429 uitae
1340 2365 1594 2446 indepta
1650 2384 1735 2444 es,
1806 2382 1963 2446 quae
2030 2364 2276 2428 futurae
2343 2383 2583 2447 semper
2650 2363 2944 2430 habuisti.

638 2471 678 2535 2
701 2471 1060 2535 benedictus
1117 2473 1327 2551 itaque
1383 2468 1692 2533 dominus
1734 2469 1886 2533 deus
1944 2469 2170 2543 noster,
2233 2470 2339 2549 qui
2400 2486 2644 2552 semper
2690 2468 2949 2549 spiritus

700 2574 795 2638 tui
840 2574 1048 2638 custos
1093 2591 1256 2636 nunc
1314 2572 1643 2654 praecipue
1701 2571 1895 2635 etiam
1941 2573 2146 2636 carnis
2191 2571 2315 2635 fuit
2360 2575 2423 2635 et
2465 2571 2532 2636 in
2577 2573 2642 2635 te
2687 2588 2948 2635 manens

699 2677 885 2757 teque
942 2676 1290 2740 custodiens
1347 2691 1605 2750 manum
1667 2691 1846 2736 suam
1892 2691 1964 2736 ex
2009 2671 2414 2737 interioribus
2460 2674 2589 2738 tuis
2634 2691 2828 2754 usque
2872 2672 2950 2735 ad
2970 2700 3020 2739 20

701 2779 1002 2842 exteriora
1061 2778 1347 2861 porrexit,
1416 2794 1526 2840 nec
1585 2776 1789 2839 solum
1850 2778 2069 2838 sancta
2127 2778 2482 2840 sanctorum
2503 2825 2518 2854 ‚
2589 2774 2696 2839 sed
2761 2773 2950 2839 etiam

702 2879 1017 2944 uestibula
1059 2879 1284 2960 templi
1329 2880 1426 2964 sui
1471 2882 1534 2943 et
1582 2880 1996 2961 circumsepta
2052 2878 2334 2943 seruauit
2379 2879 2951 2960 protectionemque

698 3002 882 3047 suam
949 2984 1139 3048 latius
1207 2983 1467 3047 fundens
1533 2982 1679 3047 fecit
1747 2982 2017 3047 salutem
2084 2983 2330 3046 animae
2396 2983 2544 3046 tuae
2610 3000 2805 3064 usque
2873 2980 2952 3044 ad

644 3090 685 3154 3
705 3086 1040 3151 sanitatem
1100 3086 1365 3167 corporis
1424 3087 1760 3168 peruenire.
1841 3086 2128 3167 quamuis
2190 3102 2302 3167 ego
2348 3104 2425 3148 ne
2486 3085 2645 3148 hanc
2702 3084 2953 3165 quidem

706 3189 825 3253 tibi
885 3207 1073 3271 quam
1141 3187 1460 3271 pertulisti
1524 3189 1836 3253 terrestris
1895 3187 2134 3252 uasculi
2191 3186 2628 3251 infirmitatem
2679 3184 2953 3250 obfuisse
2973 3214 3025 3254 25

707 3292 1077 3369 existimem,
1126 3292 1301 3356 cuius
1346 3292 1665 3370 fortitude,
1712 3292 1784 3355 ut
1828 3291 1968 3374 6616,
2006 3292 2205 3356 menti
2236 3309 2479 3374 semper
2522 3290 2778 3354 inimica
2823 3289 2951 3353 est:

706 3395 780 3459 ut
823 3397 888 3459 te
930 3395 1066 3460 11116
1112 3413 1302 3459 Ι1111116
1366 3397 1544 3458 tanto
1612 3393 1931 3459 fortiorem
1990 3394 2216 3476 spiritu
2276 3397 2509 3476 putem,
2580 3395 2812 3473 quanto
2857 3390 2956 3454 in-

704 3498 985 3564 becillior
1041 3517 1221 3563 carne
1278 3516 1408 3562 6666
1465 3497 1742 3578 coepisti.
1811 3514 1990 3562 caro
2048 3496 2287 3571 enim,
2356 3497 2560 3578 inquit
2616 3494 2952 3577 apostolu8‚

707 3600 1209 3685 concupiscit
1255 3601 1665 3665 aduersum
1709 3600 2117 3681 spiritum,
2175 3591 2520 3681 spiritffis
2566 3598 2954 3663 aduersus

914 3775 980 3828 11
1026 3773 1179 3826 Β6111.
1215 3773 1249 3826 8
1455 3770 1523 3824 28
1559 3771 1676 3825 Gal.
1712 3772 1762 3838 5,
1802 3772 1864 3825 17

811 3928 845 3980 2
879 3926 963 3980 tui
999 3942 1067 3981 ex
1102 3931 1166 3981 tu
1208 3927 1253 3982 G
1285 3943 1423 3981 corr.
1459 3944 1530 3980 m.
1555 3932 1586 3982 1
1755 3927 1789 3980 8
1825 3926 2098 3979 uindicare
2135 3925 2434 3979 Baluzius:
2473 3921 2736 3976 uindicari
2779 3922 2826 3977 0

710 4014 843 4067 uale.
882 4012 1019 4066 finit.
1057 4014 1186 4067 item
1221 4013 1329 4068 alia
1373 4014 1419 4068 0
1619 4013 1652 4066 9
1700 4012 1789 4066 III
1824 4013 1887 4065 in
1918 4026 2021 4081 my.
2060 4012 2106 4066 Ο
2310 4010 2375 4063 12
2423 4010 2550 4079 quo]
2588 4012 2749 4079 atque
2783 4007 2960 4076 suspi-

711 4105 874 4154 catur
918 4099 1212 4154 Har-telius
1419 4099 1485 4153 18
1528 4099 1658 4165 fort.
1705 4096 2143 4168 benedictus(sit)
2180 4100 2362 4164 itaque
2571 4095 2635 4147 19
2683 4098 2859 4148 custos
2895 4109 2963 4147 ex

712 4187 894 4239 custus
950 4186 996 4241 0
1039 4200 1181 4241 corr.
1224 4203 1292 4239 m.
1328 4188 1368 4239 2
1573 4185 1884 4253 praecipuae
1938 4183 1983 4237 0
2186 4182 2250 4235 21
2299 4181 2529 4250 perrexit
2572 4180 2684 4235 sed.
2719 4196 2761 4234 s.
2800 4196 2828 4233 6
2859 4195 2958 4233 scr.

710 4289 778 4326 m.
814 4277 845 4327 1
882 4287 912 4325 o
950 4271 995 4326 0
1196 4271 1263 4324 27
1300 4270 1592 4324 inbicillior
1628 4271 1674 4326 G
1707 4271 1836 4323 item
1873 4274 1921 4333 §-
1959 4271 1994 4322 5
2030 4274 2083 4322 et
2116 4267 2430 4320 inbicillitas
2466 4272 2513 4331 §-
2550 4270 2584 4319 4
