<?xml version="1.0" encoding="UTF-8"?>
<!DOCTYPE html PUBLIC "-//W3C//DTD XHTML 1.0 Transitional//EN"
    "http://www.w3.org/TR/xhtml1/DTD/xhtml1-transitional.dtd">
<html xmlns="http://www.w3.org/1999/xhtml" xml:lang="en" lang="en">
 <head>
  <title>
</title>
<meta http-equiv="Content-Type" content="text/html;charset=utf-8" />
  <meta name='ocr-system' content='tesseract 3.04.00' />
  <meta name='ocr-capabilities' content='ocr_page ocr_carea ocr_par ocr_line ocrx_word'/>
</head>
<body>
  <div class='ocr_page' id='page_1' title='image "./operaomnia07paulgoog/operaomnia07paulgoog_0041.png"; bbox 0 0 3380 4919; ppageno 0'>
   <div class='ocr_carea' id='block_1_1' title="bbox 1162 310 2744 397">
    <p class='ocr_par' dir='ltr' id='par_1_1' title="bbox 1162 310 2744 397">
     <span class='ocr_line' id='line_1_1' title="bbox 1162 310 2744 397; baseline 0.005 -33"><span class='ocrx_word' id='word_1_1' title='bbox 1162 310 1234 365; x_wconf 90' lang='lat' dir='ltr'>de</span> <span class='ocrx_word' id='word_1_2' title='bbox 1270 310 1547 380; x_wconf 79' lang='lat' dir='ltr'><strong>gubern.</strong></span> <span class='ocrx_word' id='word_1_3' title='bbox 1584 310 2075 378; x_wconf 64' lang='lat'><strong>‹10111540-44.</strong></span> <span class='ocrx_word' id='word_1_4' title='bbox 2607 392 2612 397; x_wconf 89' lang='lat'><strong>.</strong></span> <span class='ocrx_word' id='word_1_5' title='bbox 2663 317 2744 380; x_wconf 83' lang='lat'>21</span> 
     </span>
    </p>
   </div>
   <div class='ocr_carea' id='block_1_2' title="bbox 423 498 2858 3061">
    <p class='ocr_par' dir='ltr' id='par_1_2' title="bbox 423 498 2858 3061">
     <span class='ocr_line' id='line_1_2' title="bbox 497 498 2849 583; baseline 0.001 -19"><span class='ocrx_word' id='word_1_6' title='bbox 497 499 658 566; x_wconf 81' lang='lat' dir='ltr'>adde</span> <span class='ocrx_word' id='word_1_7' title='bbox 680 500 826 565; x_wconf 61' lang='lat' dir='ltr'>‘huc</span> <span class='ocrx_word' id='word_1_8' title='bbox 866 500 1074 566; x_wconf 80' lang='lat' dir='ltr'>fontes</span> <span class='ocrx_word' id='word_1_9' title='bbox 1117 503 1371 583; x_wconf 82' lang='lat' dir='ltr'>repente</span> <span class='ocrx_word' id='word_1_10' title='bbox 1402 501 1603 575; x_wconf 87' lang='lat' dir='ltr'>natos,</span> <span class='ocrx_word' id='word_1_11' title='bbox 1649 498 1807 564; x_wconf 78' lang='lat' dir='ltr'>adde</span> <span class='ocrx_word' id='word_1_12' title='bbox 1836 498 2177 565; x_wconf 82' lang='lat' dir='ltr'>medicatas</span> <span class='ocrx_word' id='word_1_13' title='bbox 2211 517 2404 582; x_wconf 86' lang='lat' dir='ltr'>aquas</span> <span class='ocrx_word' id='word_1_14' title='bbox 2432 500 2537 566; x_wconf 91' lang='lat' dir='ltr'>uel</span> <span class='ocrx_word' id='word_1_15' title='bbox 2567 500 2746 566; x_wconf 89' lang='lat' dir='ltr'>datas</span> <span class='ocrx_word' id='word_1_16' title='bbox 2766 501 2849 566; x_wconf 89' lang='lat'>43</span> 
     </span>
     <span class='ocr_line' id='line_1_3' title="bbox 494 600 2746 687; baseline -0 -18"><span class='ocrx_word' id='word_1_17' title='bbox 494 602 598 669; x_wconf 90' lang='lat' dir='ltr'>uel</span> <span class='ocrx_word' id='word_1_18' title='bbox 641 602 1029 686; x_wconf 77' lang='lat' dir='ltr'>immutatae,</span> <span class='ocrx_word' id='word_1_19' title='bbox 1074 603 1343 687; x_wconf 89' lang='lat' dir='ltr'>speciem</span> <span class='ocrx_word' id='word_1_20' title='bbox 1389 602 1713 667; x_wconf 87' lang='lat' dir='ltr'>seruantes</span> <span class='ocrx_word' id='word_1_21' title='bbox 1758 604 2049 667; x_wconf 87' lang='lat' dir='ltr'>naturam</span> <span class='ocrx_word' id='word_1_22' title='bbox 2101 600 2545 685; x_wconf 76' lang='lat' dir='ltr'>relinquenteS,</span> <span class='ocrx_word' id='word_1_23' title='bbox 2591 605 2746 670; x_wconf 88' lang='lat' dir='ltr'>adde</span> 
     </span>
     <span class='ocr_line' id='line_1_4' title="bbox 494 702 2748 788; baseline 0 -16"><span class='ocrx_word' id='word_1_24' title='bbox 494 705 711 788; x_wconf 80' lang='lat' dir='ltr'>aperta</span> <span class='ocrx_word' id='word_1_25' title='bbox 755 702 1226 787; x_wconf 82' lang='lat' dir='ltr'><strong>erumpentibus</strong></span> <span class='ocrx_word' id='word_1_26' title='bbox 1273 704 1425 769; x_wconf 89' lang='lat' dir='ltr'>riuis</span> <span class='ocrx_word' id='word_1_27' title='bbox 1472 703 1784 768; x_wconf 89' lang='lat' dir='ltr'>montium</span> <span class='ocrx_word' id='word_1_28' title='bbox 1830 703 2060 784; x_wconf 82' lang='lat' dir='ltr'>capita,</span> <span class='ocrx_word' id='word_1_29' title='bbox 2108 704 2265 769; x_wconf 87' lang='lat' dir='ltr'>adde</span> <span class='ocrx_word' id='word_1_30' title='bbox 2300 703 2748 772; x_wconf 85' lang='lat' dir='ltr'>scaturrientia</span> 
     </span>
     <span class='ocr_line' id='line_1_5' title="bbox 496 805 2746 889; baseline 0 -16"><span class='ocrx_word' id='word_1_31' title='bbox 496 808 673 873; x_wconf 90' lang='lat' dir='ltr'>nouis</span> <span class='ocrx_word' id='word_1_32' title='bbox 717 807 1157 889; x_wconf 86' lang='lat' dir='ltr'>puluerulenta</span> <span class='ocrx_word' id='word_1_33' title='bbox 1201 825 1350 872; x_wconf 86' lang='lat' dir='ltr'>arua</span> <span class='ocrx_word' id='word_1_34' title='bbox 1391 805 1803 884; x_wconf 73' lang='lat' dir='ltr'><strong>torrentibus,</strong></span> <span class='ocrx_word' id='word_1_35' title='bbox 1849 808 2003 873; x_wconf 86' lang='lat' dir='ltr'>adde</span> <span class='ocrx_word' id='word_1_36' title='bbox 2035 807 2263 872; x_wconf 87' lang='lat' dir='ltr'>inlatos</span> <span class='ocrx_word' id='word_1_37' title='bbox 2310 807 2746 874; x_wconf 71' lang='lat' dir='ltr'>itinerantium</span> 
     </span>
     <span class='ocr_line' id='line_1_6' title="bbox 449 908 2745 994; baseline 0.003 -24"><span class='ocrx_word' id='word_1_38' title='bbox 449 931 475 970; x_wconf 72' lang='lat'>⁵</span> <span class='ocrx_word' id='word_1_39' title='bbox 497 911 724 976; x_wconf 88' lang='lat' dir='ltr'>castris</span> <span class='ocrx_word' id='word_1_40' title='bbox 770 911 995 975; x_wconf 90' lang='lat' dir='ltr'>alitum</span> <span class='ocrx_word' id='word_1_41' title='bbox 1039 928 1278 994; x_wconf 87' lang='lat' dir='ltr'>greges,</span> <span class='ocrx_word' id='word_1_42' title='bbox 1327 910 1510 974; x_wconf 80' lang='lat' dir='ltr'>deum</span> <span class='ocrx_word' id='word_1_43' title='bbox 1540 908 1775 991; x_wconf 87' lang='lat' dir='ltr'>pietate</span> <span class='ocrx_word' id='word_1_44' title='bbox 1803 909 2349 992; x_wconf 67' lang='lat' dir='ltr'>indulgentissima</span> <span class='ocrx_word' id='word_1_45' title='bbox 2376 927 2501 976; x_wconf 90' lang='lat' dir='ltr'>non</span> <span class='ocrx_word' id='word_1_46' title='bbox 2530 913 2745 978; x_wconf 87' lang='lat' dir='ltr'>usibus</span> 
     </span>
     <span class='ocr_line' id='line_1_7' title="bbox 493 1013 2748 1097; baseline -0.002 -15"><span class='ocrx_word' id='word_1_47' title='bbox 493 1018 745 1082; x_wconf 84' lang='lat' dir='ltr'>tantum</span> <span class='ocrx_word' id='word_1_48' title='bbox 790 1014 1118 1081; x_wconf 88' lang='lat' dir='ltr'>hominum</span> <span class='ocrx_word' id='word_1_49' title='bbox 1161 1015 1270 1079; x_wconf 89' lang='lat' dir='ltr'>sed</span> <span class='ocrx_word' id='word_1_50' title='bbox 1314 1014 1509 1080; x_wconf 88' lang='lat' dir='ltr'>etiam</span> <span class='ocrx_word' id='word_1_51' title='bbox 1551 1013 1904 1079; x_wconf 70' lang='lat' dir='ltr'>inlecebris</span> <span class='ocrx_word' id='word_1_52' title='bbox 1928 1014 2325 1092; x_wconf 84' lang='lat' dir='ltr'>seruientem,</span> <span class='ocrx_word' id='word_1_53' title='bbox 2378 1015 2595 1080; x_wconf 85' lang='lat' dir='ltr'>datum</span> <span class='ocrx_word' id='word_1_54' title='bbox 2639 1033 2748 1097; x_wconf 89' lang='lat' dir='ltr'>per</span> 
     </span>
     <span class='ocr_line' id='line_1_8' title="bbox 495 1117 2746 1202; baseline 0 -18"><span class='ocrx_word' id='word_1_55' title='bbox 495 1119 914 1202; x_wconf 84' lang='lat' dir='ltr'>quadraginta</span> <span class='ocrx_word' id='word_1_56' title='bbox 957 1136 1149 1184; x_wconf 82' lang='lat' dir='ltr'>annos</span> <span class='ocrx_word' id='word_1_57' title='bbox 1198 1119 1382 1184; x_wconf 85' lang='lat' dir='ltr'>astris</span> <span class='ocrx_word' id='word_1_58' title='bbox 1428 1117 1657 1184; x_wconf 86' lang='lat' dir='ltr'>cotidie</span> <span class='ocrx_word' id='word_1_59' title='bbox 1693 1118 2149 1184; x_wconf 71' lang='lat' dir='ltr'>famulantibus</span> <span class='ocrx_word' id='word_1_60' title='bbox 2192 1119 2421 1198; x_wconf 81' lang='lat' dir='ltr'>cibum,</span> <span class='ocrx_word' id='word_1_61' title='bbox 2454 1122 2746 1185; x_wconf 17' lang='lat' dir='ltr'>*rorantes</span> 
     </span>
     <span class='ocr_line' id='line_1_9' title="bbox 494 1219 2749 1306; baseline 0 -19"><span class='ocrx_word' id='word_1_62' title='bbox 494 1222 724 1306; x_wconf 82' lang='lat' dir='ltr'>iugiter</span> <span class='ocrx_word' id='word_1_63' title='bbox 768 1223 922 1286; x_wconf 89' lang='lat' dir='ltr'>escis</span> <span class='ocrx_word' id='word_1_64' title='bbox 966 1221 1258 1288; x_wconf 76' lang='lat' dir='ltr'>dulcibus</span> <span class='ocrx_word' id='word_1_65' title='bbox 1300 1220 1495 1305; x_wconf 90' lang='lat' dir='ltr'>polos,</span> <span class='ocrx_word' id='word_1_66' title='bbox 1543 1238 1668 1285; x_wconf 56' lang='lat' dir='ltr'>non&gt;</span> <span class='ocrx_word' id='word_1_67' title='bbox 1711 1219 1790 1286; x_wconf 83' lang='lat' dir='ltr'>ad</span> <span class='ocrx_word' id='word_1_68' title='bbox 1822 1222 2062 1286; x_wconf 86' lang='lat' dir='ltr'>uictum</span> <span class='ocrx_word' id='word_1_69' title='bbox 2103 1222 2358 1287; x_wconf 87' lang='lat' dir='ltr'>tantum</span> <span class='ocrx_word' id='word_1_70' title='bbox 2403 1223 2511 1288; x_wconf 80' lang='lat' dir='ltr'>sed</span> <span class='ocrx_word' id='word_1_71' title='bbox 2556 1223 2749 1289; x_wconf 86' lang='lat' dir='ltr'>etiam</span> 
     </span>
     <span class='ocr_line' id='line_1_10' title="bbox 495 1323 2748 1407; baseline 0.001 -17"><span class='ocrx_word' id='word_1_72' title='bbox 495 1326 574 1390; x_wconf 89' lang='lat' dir='ltr'>ad</span> <span class='ocrx_word' id='word_1_73' title='bbox 630 1323 879 1389; x_wconf 77' lang='lat' dir='ltr'>delicias</span> <span class='ocrx_word' id='word_1_74' title='bbox 934 1323 1343 1407; x_wconf 84' lang='lat' dir='ltr'>profluentes:</span> <span class='ocrx_word' id='word_1_75' title='bbox 1401 1325 1581 1389; x_wconf 70' lang='lat' dir='ltr'>adde⁴</span> <span class='ocrx_word' id='word_1_76' title='bbox 1619 1323 1899 1389; x_wconf 88' lang='lat' dir='ltr'>homines</span> <span class='ocrx_word' id='word_1_77' title='bbox 1956 1324 2024 1389; x_wconf 92' lang='lat' dir='ltr'>in</span> <span class='ocrx_word' id='word_1_78' title='bbox 2079 1323 2271 1389; x_wconf 89' lang='lat' dir='ltr'>nullis</span> <span class='ocrx_word' id='word_1_79' title='bbox 2328 1327 2748 1392; x_wconf 90' lang='lat' dir='ltr'>membrorum</span> 
     </span>
     <span class='ocr_line' id='line_1_11' title="bbox 425 1428 2749 1512; baseline 0.002 -24"><span class='ocrx_word' id='word_1_80' title='bbox 425 1448 477 1488; x_wconf 86' lang='lat'>1⁰</span> <span class='ocrx_word' id='word_1_81' title='bbox 495 1447 744 1495; x_wconf 87' lang='lat' dir='ltr'>snorum</span> <span class='ocrx_word' id='word_1_82' title='bbox 802 1430 1082 1512; x_wconf 86' lang='lat' dir='ltr'>partibus</span> <span class='ocrx_word' id='word_1_83' title='bbox 1139 1446 1423 1495; x_wconf 82' lang='lat' dir='ltr'>accessus</span> <span class='ocrx_word' id='word_1_84' title='bbox 1479 1432 1541 1493; x_wconf 90' lang='lat' dir='ltr'>et</span> <span class='ocrx_word' id='word_1_85' title='bbox 1599 1428 1891 1494; x_wconf 87' lang='lat' dir='ltr'>decessus</span> <span class='ocrx_word' id='word_1_86' title='bbox 1951 1428 2369 1495; x_wconf 90' lang='lat' dir='ltr'>humanorum</span> <span class='ocrx_word' id='word_1_87' title='bbox 2424 1447 2749 1510; x_wconf 85' lang='lat' dir='ltr'>corporum</span> 
     </span>
     <span class='ocr_line' id='line_1_12' title="bbox 495 1532 2747 1616; baseline -0 -19"><span class='ocrx_word' id='word_1_88' title='bbox 495 1532 850 1610; x_wconf 77' lang='lat' dir='ltr'>senti·enteS‚</span> <span class='ocrx_word' id='word_1_89' title='bbox 900 1551 1138 1616; x_wconf 88' lang='lat' dir='ltr'>ungues</span> <span class='ocrx_word' id='word_1_90' title='bbox 1184 1551 1306 1597; x_wconf 88' lang='lat' dir='ltr'>non</span> <span class='ocrx_word' id='word_1_91' title='bbox 1351 1535 1588 1611; x_wconf 89' lang='lat' dir='ltr'>auctos,</span> <span class='ocrx_word' id='word_1_92' title='bbox 1634 1532 1851 1597; x_wconf 89' lang='lat' dir='ltr'>dentes</span> <span class='ocrx_word' id='word_1_93' title='bbox 1897 1550 2023 1597; x_wconf 91' lang='lat' dir='ltr'>non</span> <span class='ocrx_word' id='word_1_94' title='bbox 2052 1533 2438 1610; x_wconf 80' lang='lat' dir='ltr'>imminutos,</span> <span class='ocrx_word' id='word_1_95' title='bbox 2489 1532 2747 1614; x_wconf 83' lang='lat' dir='ltr'>capillos</span> 
     </span>
     <span class='ocr_line' id='line_1_13' title="bbox 495 1634 2747 1718; baseline -0 -18"><span class='ocrx_word' id='word_1_96' title='bbox 495 1653 743 1718; x_wconf 86' lang='lat' dir='ltr'>semper</span> <span class='ocrx_word' id='word_1_97' title='bbox 787 1636 1104 1718; x_wconf 59' lang='lat' dir='ltr'>aequam,</span> <span class='ocrx_word' id='word_1_98' title='bbox 1150 1653 1274 1701; x_wconf 91' lang='lat' dir='ltr'>non</span> <span class='ocrx_word' id='word_1_99' title='bbox 1318 1637 1580 1701; x_wconf 88' lang='lat' dir='ltr'>adtritos</span> <span class='ocrx_word' id='word_1_100' title='bbox 1625 1636 1843 1718; x_wconf 88' lang='lat' dir='ltr'>pedes,</span> <span class='ocrx_word' id='word_1_101' title='bbox 1891 1654 2015 1701; x_wconf 90' lang='lat' dir='ltr'>non</span> <span class='ocrx_word' id='word_1_102' title='bbox 2060 1636 2284 1702; x_wconf 88' lang='lat' dir='ltr'>scissas</span> <span class='ocrx_word' id='word_1_103' title='bbox 2329 1637 2538 1700; x_wconf 87' lang='lat' dir='ltr'>uestes</span> <span class='ocrx_word' id='word_1_104' title='bbox 2554 1681 2571 1718; x_wconf 90' lang='lat'>,</span> <span class='ocrx_word' id='word_1_105' title='bbox 2620 1634 2747 1701; x_wconf 88' lang='lat' dir='ltr'>cal-</span> 
     </span>
     <span class='ocr_line' id='line_1_14' title="bbox 495 1737 2748 1827; baseline 0 -25"><span class='ocrx_word' id='word_1_106' title='bbox 495 1737 804 1803; x_wconf 86' lang='lat' dir='ltr'>ciamenta</span> <span class='ocrx_word' id='word_1_107' title='bbox 860 1757 981 1804; x_wconf 91' lang='lat' dir='ltr'>non</span> <span class='ocrx_word' id='word_1_108' title='bbox 1039 1741 1255 1821; x_wconf 83' lang='lat' dir='ltr'>rupta,</span> <span class='ocrx_word' id='word_1_109' title='bbox 1318 1739 1771 1805; x_wconf 82' lang='lat' dir='ltr'>redundantem</span> <span class='ocrx_word' id='word_1_110' title='bbox 1828 1739 2155 1804; x_wconf 89' lang='lat' dir='ltr'>hominum</span> <span class='ocrx_word' id='word_1_111' title='bbox 2211 1739 2510 1827; x_wconf 88' lang='lat' dir='ltr'>honorem</span> <span class='ocrx_word' id='word_1_112' title='bbox 2553 1756 2748 1820; x_wconf 91' lang='lat' dir='ltr'>usque</span> 
     </span>
     <span class='ocr_line' id='line_1_15' title="bbox 495 1840 2749 1926; baseline -0 -19"><span class='ocrx_word' id='word_1_113' title='bbox 495 1843 578 1908; x_wconf 87' lang='lat' dir='ltr'>ad</span> <span class='ocrx_word' id='word_1_114' title='bbox 620 1843 1024 1908; x_wconf 80' lang='lat' dir='ltr'>induniarum</span> <span class='ocrx_word' id='word_1_115' title='bbox 1068 1843 1295 1907; x_wconf 82' lang='lat' dir='ltr'>uilium</span> <span class='ocrx_word' id='word_1_116' title='bbox 1342 1843 1750 1924; x_wconf 85' lang='lat' dir='ltr'>dignitatem:</span> <span class='ocrx_word' id='word_1_117' title='bbox 1798 1843 1955 1907; x_wconf 87' lang='lat' dir='ltr'>adde</span> <span class='ocrx_word' id='word_1_118' title='bbox 1986 1843 2108 1909; x_wconf 91' lang='lat' dir='ltr'>huc</span> <span class='ocrx_word' id='word_1_119' title='bbox 2138 1843 2507 1908; x_wconf 87' lang='lat' dir='ltr'>erudiendae</span> <span class='ocrx_word' id='word_1_120' title='bbox 2543 1840 2749 1926; x_wconf 87' lang='lat' dir='ltr'>gentis</span> 
     </span>
     <span class='ocr_line' id='line_1_16' title="bbox 426 1944 2752 2032; baseline 0.002 -26"><span class='ocrx_word' id='word_1_121' title='bbox 426 1944 696 2011; x_wconf 72' lang='lat' dir='ltr'>nsofficio</span> <span class='ocrx_word' id='word_1_122' title='bbox 773 1947 1251 2012; x_wconf 78' lang='lat' dir='ltr'>descendentem</span> <span class='ocrx_word' id='word_1_123' title='bbox 1327 1949 1404 2012; x_wconf 86' lang='lat' dir='ltr'>ad</span> <span class='ocrx_word' id='word_1_124' title='bbox 1479 1951 1680 2013; x_wconf 89' lang='lat' dir='ltr'>terras</span> <span class='ocrx_word' id='word_1_125' title='bbox 1753 1947 1968 2032; x_wconf 89' lang='lat' dir='ltr'>deum,</span> <span class='ocrx_word' id='word_1_126' title='bbox 2046 1945 2629 2013; x_wconf 86' lang='lat' dir='ltr'>adcommodantem</span> <span class='ocrx_word' id='word_1_127' title='bbox 2687 1963 2752 2011; x_wconf 90' lang='lat' dir='ltr'>se</span> 
     </span>
     <span class='ocr_line' id='line_1_17' title="bbox 494 2049 2752 2133; baseline 0 -19"><span class='ocrx_word' id='word_1_128' title='bbox 494 2049 759 2115; x_wconf 86' lang='lat' dir='ltr'>terrenis</span> <span class='ocrx_word' id='word_1_129' title='bbox 813 2050 1056 2116; x_wconf 87' lang='lat' dir='ltr'>nisibus</span> <span class='ocrx_word' id='word_1_130' title='bbox 1103 2050 1288 2114; x_wconf 88' lang='lat' dir='ltr'>deum</span> <span class='ocrx_word' id='word_1_131' title='bbox 1331 2049 1564 2128; x_wconf 86' lang='lat' dir='ltr'>filium,</span> <span class='ocrx_word' id='word_1_132' title='bbox 1625 2050 1988 2118; x_wconf 79' lang='lat' dir='ltr'>innumerae</span> <span class='ocrx_word' id='word_1_133' title='bbox 2034 2050 2462 2115; x_wconf 87' lang='lat' dir='ltr'>multitudinis</span> <span class='ocrx_word' id='word_1_134' title='bbox 2506 2051 2752 2133; x_wconf 85' lang='lat' dir='ltr'>plebem</span> 
     </span>
     <span class='ocr_line' id='line_1_18' title="bbox 494 2149 2751 2236; baseline 0.001 -21"><span class='ocrx_word' id='word_1_135' title='bbox 494 2149 562 2216; x_wconf 87' lang='lat' dir='ltr'>in</span> <span class='ocrx_word' id='word_1_136' title='bbox 603 2154 982 2218; x_wconf 84' lang='lat' dir='ltr'>consortium</span> <span class='ocrx_word' id='word_1_137' title='bbox 1014 2154 1264 2218; x_wconf 89' lang='lat' dir='ltr'>diuinae</span> <span class='ocrx_word' id='word_1_138' title='bbox 1299 2153 1758 2218; x_wconf 75' lang='lat' dir='ltr'>familiaritatis</span> <span class='ocrx_word' id='word_1_139' title='bbox 1790 2153 2147 2232; x_wconf 86' lang='lat' dir='ltr'>admissam,</span> <span class='ocrx_word' id='word_1_140' title='bbox 2194 2171 2401 2219; x_wconf 87' lang='lat' dir='ltr'>sacrae</span> <span class='ocrx_word' id='word_1_141' title='bbox 2432 2152 2751 2236; x_wconf 73' lang='lat' dir='ltr'>amicitiae</span> 
     </span>
     <span class='ocr_line' id='line_1_19' title="bbox 493 2254 2751 2340; baseline 0 -21"><span class='ocrx_word' id='word_1_142' title='bbox 493 2255 723 2320; x_wconf 83' lang='lat' dir='ltr'>honore</span> <span class='ocrx_word' id='word_1_143' title='bbox 765 2256 1136 2338; x_wconf 76' lang='lat' dir='ltr'>pollentemt</span> <span class='ocrx_word' id='word_1_144' title='bbox 1195 2255 1354 2324; x_wconf 87' lang='lat' dir='ltr'>adde</span> <span class='ocrx_word' id='word_1_145' title='bbox 1401 2256 1522 2321; x_wconf 90' lang='lat' dir='ltr'>huc</span> <span class='ocrx_word' id='word_1_146' title='bbox 1566 2257 1869 2333; x_wconf 83' lang='lat' dir='ltr'>tonitrua,</span> <span class='ocrx_word' id='word_1_147' title='bbox 1916 2257 2073 2322; x_wconf 88' lang='lat' dir='ltr'>adde</span> <span class='ocrx_word' id='word_1_148' title='bbox 2118 2258 2411 2340; x_wconf 62' lang='lat' dir='ltr'>fulguras</span> <span class='ocrx_word' id='word_1_149' title='bbox 2436 2254 2751 2320; x_wconf 86' lang='lat' dir='ltr'>terribiles</span> 
     </span>
     <span class='ocr_line' id='line_1_20' title="bbox 494 2357 2751 2442; baseline 0 -20"><span class='ocrx_word' id='word_1_150' title='bbox 494 2357 868 2424; x_wconf 86' lang='lat' dir='ltr'>bucinarum</span> <span class='ocrx_word' id='word_1_151' title='bbox 911 2358 1278 2424; x_wconf 84' lang='lat' dir='ltr'>caelestium</span> <span class='ocrx_word' id='word_1_152' title='bbox 1324 2376 1505 2424; x_wconf 82' lang='lat' dir='ltr'>sonos</span> <span class='ocrx_word' id='word_1_153' title='bbox 1522 2405 1539 2437; x_wconf 90' lang='lat'>‚</span> <span class='ocrx_word' id='word_1_154' title='bbox 1585 2362 1984 2425; x_wconf 87' lang='lat' dir='ltr'>tremendum</span> <span class='ocrx_word' id='word_1_155' title='bbox 2028 2359 2300 2442; x_wconf 89' lang='lat' dir='ltr'>undique</span> <span class='ocrx_word' id='word_1_156' title='bbox 2346 2358 2541 2423; x_wconf 89' lang='lat' dir='ltr'>totius</span> <span class='ocrx_word' id='word_1_157' title='bbox 2597 2359 2751 2423; x_wconf 78' lang='lat' dir='ltr'>aeris</span> 
     </span>
     <span class='ocr_line' id='line_1_21' title="bbox 423 2456 2752 2547; baseline 0.002 -24"><span class='ocrx_word' id='word_1_158' title='bbox 423 2480 477 2523; x_wconf 72' lang='lat' dir='ltr'>so</span> <span class='ocrx_word' id='word_1_159' title='bbox 495 2459 843 2545; x_wconf 72' lang='lat' dir='ltr'>fragorem3</span> <span class='ocrx_word' id='word_1_160' title='bbox 890 2464 1061 2545; x_wconf 90' lang='lat' dir='ltr'>polos</span> <span class='ocrx_word' id='word_1_161' title='bbox 1105 2462 1298 2527; x_wconf 84' lang='lat' dir='ltr'>sacris</span> <span class='ocrx_word' id='word_1_162' title='bbox 1345 2456 1738 2545; x_wconf 79' lang='lat' dir='ltr'>clangoribus</span> <span class='ocrx_word' id='word_1_163' title='bbox 1796 2462 2145 2547; x_wconf 85' lang='lat' dir='ltr'>mugientes</span> <span class='ocrx_word' id='word_1_164' title='bbox 2161 2512 2177 2542; x_wconf 86' lang='lat'>‚</span> <span class='ocrx_word' id='word_1_165' title='bbox 2227 2461 2427 2545; x_wconf 85' lang='lat' dir='ltr'>ignes</span> <span class='ocrx_word' id='word_1_166' title='bbox 2449 2459 2752 2543; x_wconf 74' lang='lat' dir='ltr'>caligines</span> 
     </span>
     <span class='ocr_line' id='line_1_22' title="bbox 497 2563 2752 2647; baseline 0.001 -21"><span class='ocrx_word' id='word_1_167' title='bbox 497 2563 756 2629; x_wconf 87' lang='lat' dir='ltr'>nebulas</span> <span class='ocrx_word' id='word_1_168' title='bbox 815 2564 929 2630; x_wconf 90' lang='lat' dir='ltr'>deo</span> <span class='ocrx_word' id='word_1_169' title='bbox 985 2565 1234 2647; x_wconf 81' lang='lat' dir='ltr'>plenaS‚</span> <span class='ocrx_word' id='word_1_170' title='bbox 1276 2565 1659 2647; x_wconf 74' lang='lat' dir='ltr'>‘loquentem</span> <span class='ocrx_word' id='word_1_171' title='bbox 1717 2564 2064 2632; x_wconf 91' lang='lat' dir='ltr'>comminus</span> <span class='ocrx_word' id='word_1_172' title='bbox 2122 2564 2477 2645; x_wconf 88' lang='lat' dir='ltr'>dominum,</span> <span class='ocrx_word' id='word_1_173' title='bbox 2548 2565 2752 2647; x_wconf 81' lang='lat' dir='ltr'>legem</span> 
     </span>
     <span class='ocr_line' id='line_1_23' title="bbox 497 2666 2799 2753; baseline 0 -22"><span class='ocrx_word' id='word_1_174' title='bbox 497 2666 712 2733; x_wconf 81' lang='lat' dir='ltr'>diuino</span> <span class='ocrx_word' id='word_1_175' title='bbox 787 2684 890 2732; x_wconf 89' lang='lat' dir='ltr'>ore</span> <span class='ocrx_word' id='word_1_176' title='bbox 963 2672 1356 2733; x_wconf 81' lang='lat' dir='ltr'>resonantem</span> <span class='ocrx_word' id='word_1_177' title='bbox 1377 2717 1392 2747; x_wconf 91' lang='lat'>,</span> <span class='ocrx_word' id='word_1_178' title='bbox 1478 2668 1704 2733; x_wconf 88' lang='lat' dir='ltr'>incisas</span> <span class='ocrx_word' id='word_1_179' title='bbox 1791 2667 1992 2753; x_wconf 70' lang='lat' dir='ltr'>digito</span> <span class='ocrx_word' id='word_1_180' title='bbox 2053 2670 2156 2735; x_wconf 83' lang='lat' dir='ltr'>dei</span> <span class='ocrx_word' id='word_1_181' title='bbox 2227 2667 2474 2734; x_wconf 70' lang='lat' dir='ltr'>litteras</span> <span class='ocrx_word' id='word_1_182' title='bbox 2546 2667 2752 2751; x_wconf 81' lang='lat' dir='ltr'>apices</span> <span class='ocrx_word' id='word_1_183' title='bbox 2795 2705 2799 2711; x_wconf 89' lang='lat'><em>-</em></span> 
     </span>
     <span class='ocr_line' id='line_1_24' title="bbox 472 2768 2755 2855; baseline 0 -20"><span class='ocrx_word' id='word_1_184' title='bbox 472 2768 756 2853; x_wconf 77' lang='lat' dir='ltr'>paginas</span> <span class='ocrx_word' id='word_1_185' title='bbox 772 2818 787 2846; x_wconf 94' lang='lat'><strong><em>‚</em></strong></span> <span class='ocrx_word' id='word_1_186' title='bbox 856 2786 1111 2837; x_wconf 78' lang='lat' dir='ltr'>saxeum</span> <span class='ocrx_word' id='word_1_187' title='bbox 1175 2772 1471 2836; x_wconf 89' lang='lat' dir='ltr'>uolumen</span> <span class='ocrx_word' id='word_1_188' title='bbox 1487 2819 1503 2849; x_wconf 90' lang='lat'>‚</span> <span class='ocrx_word' id='word_1_189' title='bbox 1572 2771 1918 2837; x_wconf 83' lang='lat' dir='ltr'>discentem</span> <span class='ocrx_word' id='word_1_190' title='bbox 1975 2770 2275 2855; x_wconf 82' lang='lat' dir='ltr'>populum</span> <span class='ocrx_word' id='word_1_191' title='bbox 2320 2773 2385 2836; x_wconf 90' lang='lat' dir='ltr'>et</span> <span class='ocrx_word' id='word_1_192' title='bbox 2425 2770 2755 2837; x_wconf 82' lang='lat' dir='ltr'>docentem</span> 
     </span>
     <span class='ocr_line' id='line_1_25' title="bbox 495 2873 2756 2959; baseline 0 -22"><span class='ocrx_word' id='word_1_193' title='bbox 495 2873 683 2937; x_wconf 87' lang='lat' dir='ltr'>deum</span> <span class='ocrx_word' id='word_1_194' title='bbox 728 2891 803 2938; x_wconf 92' lang='lat' dir='ltr'>ac</span> <span class='ocrx_word' id='word_1_195' title='bbox 847 2873 1061 2938; x_wconf 85' lang='lat' dir='ltr'>mixtis</span> <span class='ocrx_word' id='word_1_196' title='bbox 1105 2890 1297 2956; x_wconf 84' lang='lat' dir='ltr'>paene</span> <span class='ocrx_word' id='word_1_197' title='bbox 1340 2874 1697 2940; x_wconf 88' lang='lat' dir='ltr'>hominibus</span> <span class='ocrx_word' id='word_1_198' title='bbox 1746 2876 1932 2957; x_wconf 80' lang='lat' dir='ltr'>atque</span> <span class='ocrx_word' id='word_1_199' title='bbox 1960 2874 2203 2959; x_wconf 81' lang='lat' dir='ltr'>angelis</span> <span class='ocrx_word' id='word_1_200' title='bbox 2247 2891 2444 2939; x_wconf 88' lang='lat' dir='ltr'>unam</span> <span class='ocrx_word' id='word_1_201' title='bbox 2481 2873 2638 2939; x_wconf 75' lang='lat' dir='ltr'>caeli</span> <span class='ocrx_word' id='word_1_202' title='bbox 2685 2890 2756 2938; x_wconf 86' lang='lat' dir='ltr'>ao</span> 
     </span>
     <span class='ocr_line' id='line_1_26' title="bbox 426 2976 2858 3061; baseline 0.003 -26"><span class='ocrx_word' id='word_1_203' title='bbox 426 2993 480 3035; x_wconf 73' lang='lat'>25</span> <span class='ocrx_word' id='word_1_204' title='bbox 495 2978 697 3041; x_wconf 82' lang='lat' dir='ltr'>terrae</span> <span class='ocrx_word' id='word_1_205' title='bbox 753 2976 1052 3043; x_wconf 75' lang='lat' dir='ltr'>scholam.</span> <span class='ocrx_word' id='word_1_206' title='bbox 1130 2977 1221 3041; x_wconf 88' lang='lat' dir='ltr'>sic</span> <span class='ocrx_word' id='word_1_207' title='bbox 1278 2978 1442 3041; x_wconf 91' lang='lat' dir='ltr'>enim</span> <span class='ocrx_word' id='word_1_208' title='bbox 1502 2977 1811 3060; x_wconf 87' lang='lat' dir='ltr'>scriptum</span> <span class='ocrx_word' id='word_1_209' title='bbox 1865 2978 1981 3061; x_wconf 87' lang='lat' dir='ltr'>est,</span> <span class='ocrx_word' id='word_1_210' title='bbox 2017 2981 2202 3061; x_wconf 57' lang='lat' dir='ltr'>‘quod</span> <span class='ocrx_word' id='word_1_211' title='bbox 2248 2996 2391 3045; x_wconf 85' lang='lat' dir='ltr'>cum</span> <span class='ocrx_word' id='word_1_212' title='bbox 2435 2976 2858 3044; x_wconf 70' lang='lat' dir='ltr'>retulisset-‚44</span> 
     </span>
    </p>
   </div>
   <div class='ocr_carea' id='block_1_3' title="bbox 491 3199 2758 4317">
    <p class='ocr_par' dir='ltr' id='par_1_3' title="bbox 601 3199 2755 3284">
     <span class='ocr_line' id='line_1_27' title="bbox 601 3199 2755 3284; baseline 0.002 -18"><span class='ocrx_word' id='word_1_213' title='bbox 601 3213 628 3266; x_wconf 91' lang='lat'>1</span> <span class='ocrx_word' id='word_1_214' title='bbox 684 3212 858 3267; x_wconf 77' lang='lat' dir='ltr'>fontes</span> <span class='ocrx_word' id='word_1_215' title='bbox 911 3226 979 3269; x_wconf 74' lang='lat' dir='ltr'>ex</span> <span class='ocrx_word' id='word_1_216' title='bbox 1029 3199 1181 3267; x_wconf 70' lang='lat' dir='ltr'>fonte</span> <span class='ocrx_word' id='word_1_217' title='bbox 1233 3226 1374 3268; x_wconf 75' lang='lat' dir='ltr'>corr.</span> <span class='ocrx_word' id='word_1_218' title='bbox 1419 3215 1475 3268; x_wconf 84' lang='lat' dir='ltr'><strong><em>A</em></strong></span> <span class='ocrx_word' id='word_1_219' title='bbox 1510 3228 1579 3268; x_wconf 82' lang='lat' dir='ltr'>m.</span> <span class='ocrx_word' id='word_1_220' title='bbox 1615 3218 1646 3267; x_wconf 87' lang='lat'><strong><em>1</em></strong></span> <span class='ocrx_word' id='word_1_221' title='bbox 1853 3206 1918 3268; x_wconf 72' lang='lat' dir='ltr'>e</span> <span class='ocrx_word' id='word_1_222' title='bbox 1944 3203 2127 3284; x_wconf 70' lang='lat' dir='ltr'>aperte</span> <span class='ocrx_word' id='word_1_223' title='bbox 2179 3213 2235 3269; x_wconf 72' lang='lat' dir='ltr'><strong><em>A</em></strong></span> <span class='ocrx_word' id='word_1_224' title='bbox 2440 3209 2755 3271; x_wconf 48' lang='lat' dir='ltr'>audeantur</span> 
     </span>
    </p>

    <p class='ocr_par' dir='ltr' id='par_1_4' title="bbox 491 3298 2758 4317">
     <span class='ocr_line' id='line_1_28' title="bbox 495 3298 2621 3370; baseline 0.002 -19"><span class='ocrx_word' id='word_1_225' title='bbox 495 3298 692 3352; x_wconf 82' lang='lat' dir='ltr'>rientia</span> <span class='ocrx_word' id='word_1_226' title='bbox 725 3300 782 3353; x_wconf 78' lang='lat' dir='ltr'><strong><em>A</em></strong></span> <span class='ocrx_word' id='word_1_227' title='bbox 814 3311 886 3354; x_wconf 82' lang='lat' dir='ltr'>m.</span> <span class='ocrx_word' id='word_1_228' title='bbox 922 3303 956 3353; x_wconf 86' lang='lat'><strong><em>1</em></strong></span> <span class='ocrx_word' id='word_1_229' title='bbox 1013 3298 1150 3354; x_wconf 79' lang='lat' dir='ltr'>adde</span> <span class='ocrx_word' id='word_1_230' title='bbox 1185 3299 1544 3354; x_wconf 78' lang='lat' dir='ltr'>scaturieneia</span> <span class='ocrx_word' id='word_1_231' title='bbox 1579 3298 1634 3353; x_wconf 99' lang='grc' dir='ltr'><strong><em>Β</em></strong></span> <span class='ocrx_word' id='word_1_232' title='bbox 1788 3299 1871 3353; x_wconf 79' lang='lat'>‘1</span> <span class='ocrx_word' id='word_1_233' title='bbox 1918 3299 2014 3355; x_wconf 81' lang='lat' dir='ltr'>XL</span> <span class='ocrx_word' id='word_1_234' title='bbox 2058 3300 2115 3354; x_wconf 95' lang='lat' dir='ltr'><strong><em>A</em></strong></span> <span class='ocrx_word' id='word_1_235' title='bbox 2170 3298 2532 3370; x_wconf 63' lang='lat' dir='ltr'>quadraginta</span> <span class='ocrx_word' id='word_1_236' title='bbox 2566 3302 2621 3355; x_wconf 76' lang='grc' dir='ltr'><strong><em>Β</em></strong></span> 
     </span>
     <span class='ocr_line' id='line_1_29' title="bbox 491 3384 2755 3444; baseline 0 -5"><span class='ocrx_word' id='word_1_237' title='bbox 491 3384 718 3440; x_wconf 84' lang='lat' dir='ltr'>cottidie</span> <span class='ocrx_word' id='word_1_238' title='bbox 763 3384 820 3440; x_wconf 87' lang='grc' dir='ltr'><strong><em>Β</em></strong></span> <span class='ocrx_word' id='word_1_239' title='bbox 1040 3386 1101 3441; x_wconf 88' lang='grc'>11</span> <span class='ocrx_word' id='word_1_240' title='bbox 1151 3386 1442 3441; x_wconf 81' lang='lat' dir='ltr'>sentientes</span> <span class='ocrx_word' id='word_1_241' title='bbox 1486 3384 1689 3442; x_wconf 67' lang='lat' dir='ltr'>Hdme</span> <span class='ocrx_word' id='word_1_242' title='bbox 1748 3384 2046 3442; x_wconf 64' lang='lat' dir='ltr'>nescientes</span> <span class='ocrx_word' id='word_1_243' title='bbox 2091 3387 2202 3444; x_wconf 71' lang='lat' dir='ltr'>AB.</span> <span class='ocrx_word' id='word_1_244' title='bbox 2408 3389 2595 3443; x_wconf 64' lang='lat' dir='ltr'>umes</span> <span class='ocrx_word' id='word_1_245' title='bbox 2635 3388 2688 3440; x_wconf 83' lang='lat' dir='ltr'><em>T</em></span> <span class='ocrx_word' id='word_1_246' title='bbox 2693 3402 2755 3441; x_wconf 76' lang='lat' dir='ltr'>v</span> 
     </span>
     <span class='ocr_line' id='line_1_30' title="bbox 495 3470 2752 3543; baseline 0.001 -18"><span class='ocrx_word' id='word_1_247' title='bbox 495 3473 642 3525; x_wconf 87' lang='lat' dir='ltr'>actos</span> <span class='ocrx_word' id='word_1_248' title='bbox 677 3471 787 3525; x_wconf 88' lang='lat' dir='ltr'><strong><em>AB</em></strong></span> <span class='ocrx_word' id='word_1_249' title='bbox 964 3471 1029 3525; x_wconf 82' lang='lat'>12</span> <span class='ocrx_word' id='word_1_250' title='bbox 1064 3470 1331 3527; x_wconf 84' lang='lat' dir='ltr'>adscissas</span> <span class='ocrx_word' id='word_1_251' title='bbox 1365 3474 1422 3525; x_wconf 98' lang='lat' dir='ltr'><strong><em>A</em></strong></span> <span class='ocrx_word' id='word_1_252' title='bbox 1455 3472 1603 3541; x_wconf 76' lang='lat' dir='ltr'>quod</span> <span class='ocrx_word' id='word_1_253' title='bbox 1639 3472 1869 3543; x_wconf 74' lang='lat' dir='ltr'>uerbwm</span> <span class='ocrx_word' id='word_1_254' title='bbox 1903 3472 2035 3539; x_wconf 80' lang='lat' dir='ltr'>fort.</span> <span class='ocrx_word' id='word_1_255' title='bbox 2072 3472 2149 3527; x_wconf 80' lang='lat' dir='ltr'>ad</span> <span class='ocrx_word' id='word_1_256' title='bbox 2184 3472 2493 3542; x_wconf 73' lang='lat' dir='ltr'>exemplum</span> <span class='ocrx_word' id='word_1_257' title='bbox 2520 3488 2752 3542; x_wconf 77' lang='lat' dir='ltr'>praece-</span> 
     </span>
     <span class='ocr_line' id='line_1_31' title="bbox 495 3555 2753 3635; baseline -0.001 -22"><span class='ocrx_word' id='word_1_258' title='bbox 495 3558 674 3613; x_wconf 77' lang='lat' dir='ltr'>dentis</span> <span class='ocrx_word' id='word_1_259' title='bbox 720 3557 949 3635; x_wconf 80' lang='lat' dir='ltr'>adtritos</span> <span class='ocrx_word' id='word_1_260' title='bbox 994 3575 1031 3611; x_wconf 87' lang='lat' dir='ltr'>a</span> <span class='ocrx_word' id='word_1_261' title='bbox 1067 3558 1343 3615; x_wconf 68' lang='lat' dir='ltr'>Saluiano</span> <span class='ocrx_word' id='word_1_262' title='bbox 1376 3563 1646 3613; x_wconf 74' lang='lat' dir='ltr'>nouatum</span> <span class='ocrx_word' id='word_1_263' title='bbox 1680 3562 1761 3613; x_wconf 81' lang='lat' dir='ltr'>est</span> <span class='ocrx_word' id='word_1_264' title='bbox 1931 3555 2001 3612; x_wconf 87' lang='grc'>13</span> <span class='ocrx_word' id='word_1_265' title='bbox 2048 3556 2414 3626; x_wconf 79' lang='lat' dir='ltr'>honoremusq:</span> <span class='ocrx_word' id='word_1_266' title='bbox 2462 3558 2753 3613; x_wconf 84' lang='lat' dir='ltr'>adinduui-</span> 
     </span>
     <span class='ocr_line' id='line_1_32' title="bbox 495 3632 2618 3715; baseline 0.001 -18"><span class='ocrx_word' id='word_1_267' title='bbox 495 3659 649 3697; x_wconf 87' lang='lat' dir='ltr'>arum</span> <span class='ocrx_word' id='word_1_268' title='bbox 683 3645 740 3696; x_wconf 97' lang='lat' dir='ltr'><strong><em>A</em></strong></span> <span class='ocrx_word' id='word_1_269' title='bbox 775 3644 858 3711; x_wconf 76' lang='lat' dir='ltr'>(in</span> <span class='ocrx_word' id='word_1_270' title='bbox 880 3660 976 3715; x_wconf 74' lang='lat' dir='ltr'>my.</span> <span class='ocrx_word' id='word_1_271' title='bbox 1002 3642 1136 3701; x_wconf 79' lang='lat' dir='ltr'>add.</span> <span class='ocrx_word' id='word_1_272' title='bbox 1159 3660 1225 3698; x_wconf 90' lang='lat' dir='ltr'>m.</span> <span class='ocrx_word' id='word_1_273' title='bbox 1252 3658 1360 3699; x_wconf 81' lang='lat' dir='ltr'>rec.</span> <span class='ocrx_word' id='word_1_274' title='bbox 1397 3643 1739 3711; x_wconf 52' lang='lat' dir='ltr'>inluniarum)</span> <span class='ocrx_word' id='word_1_275' title='bbox 1937 3644 2003 3697; x_wconf 88' lang='grc'>15</span> <span class='ocrx_word' id='word_1_276' title='bbox 2040 3644 2527 3699; x_wconf 74' lang='lat' dir='ltr'>accommodantem</span> <span class='ocrx_word' id='word_1_277' title='bbox 2564 3632 2618 3699; x_wconf 80' lang='grc' dir='ltr'><strong><em>Β</em></strong></span> 
     </span>
     <span class='ocr_line' id='line_1_33' title="bbox 497 3728 2756 3800; baseline 0.001 -17"><span class='ocrx_word' id='word_1_278' title='bbox 497 3730 566 3783; x_wconf 83' lang='grc'>16</span> <span class='ocrx_word' id='word_1_279' title='bbox 598 3729 786 3783; x_wconf 84' lang='lat' dir='ltr'>usibus</span> <span class='ocrx_word' id='word_1_280' title='bbox 821 3728 1224 3785; x_wconf 70' lang='lat' dir='ltr'>Rittershusim</span> <span class='ocrx_word' id='word_1_281' title='bbox 1429 3728 1516 3783; x_wconf 87' lang='lat' dir='ltr'>dei</span> <span class='ocrx_word' id='word_1_282' title='bbox 1548 3728 1727 3784; x_wconf 88' lang='lat' dir='ltr'>filium</span> <span class='ocrx_word' id='word_1_283' title='bbox 1763 3730 1819 3783; x_wconf 88' lang='grc' dir='ltr'><strong><em>Β</em></strong></span> <span class='ocrx_word' id='word_1_284' title='bbox 2023 3730 2299 3785; x_wconf 86' lang='lat' dir='ltr'>innumere</span> <span class='ocrx_word' id='word_1_285' title='bbox 2330 3731 2386 3785; x_wconf 90' lang='lat' dir='ltr'><strong><em>A</em></strong></span> <span class='ocrx_word' id='word_1_286' title='bbox 2420 3743 2490 3785; x_wconf 79' lang='lat' dir='ltr'>m.</span> <span class='ocrx_word' id='word_1_287' title='bbox 2515 3735 2546 3785; x_wconf 80' lang='lat'><em>1</em></span> <span class='ocrx_word' id='word_1_288' title='bbox 2583 3730 2639 3785; x_wconf 90' lang='grc' dir='ltr'><strong><em>Β</em></strong></span> <span class='ocrx_word' id='word_1_289' title='bbox 2678 3733 2756 3800; x_wconf 91' lang='lat' dir='ltr'>(in</span> 
     </span>
     <span class='ocr_line' id='line_1_34' title="bbox 493 3812 2758 3886; baseline 0 -15"><span class='ocrx_word' id='word_1_290' title='bbox 493 3816 784 3883; x_wconf 80' lang='lat' dir='ltr'>munereT)</span> <span class='ocrx_word' id='word_1_291' title='bbox 993 3817 1059 3871; x_wconf 85' lang='lat'>18</span> <span class='ocrx_word' id='word_1_292' title='bbox 1094 3815 1271 3886; x_wconf 55' lang='lat' dir='ltr'>fulg*-</span> <span class='ocrx_word' id='word_1_293' title='bbox 1305 3817 1361 3870; x_wconf 86' lang='lat' dir='ltr'><strong><em>A</em></strong></span> <span class='ocrx_word' id='word_1_294' title='bbox 1403 3812 1597 3882; x_wconf 71' lang='lat' dir='ltr'>(fuisse</span> <span class='ocrx_word' id='word_1_295' title='bbox 1631 3814 1857 3872; x_wconf 70' lang='lat' dir='ltr'>uidetur</span> <span class='ocrx_word' id='word_1_296' title='bbox 1888 3816 2129 3886; x_wconf 68' lang='lat' dir='ltr'>fulgora)</span> <span class='ocrx_word' id='word_1_297' title='bbox 2321 3816 2387 3872; x_wconf 80' lang='lat'>21</span> <span class='ocrx_word' id='word_1_298' title='bbox 2426 3818 2667 3872; x_wconf 65' lang='lat' dir='ltr'>eominus</span> <span class='ocrx_word' id='word_1_299' title='bbox 2702 3818 2758 3873; x_wconf 73' lang='lat' dir='ltr'><strong><em>A</em></strong></span> 
     </span>
     <span class='ocr_line' id='line_1_35' title="bbox 494 3899 2618 3973; baseline 0.001 -18"><span class='ocrx_word' id='word_1_300' title='bbox 494 3904 694 3956; x_wconf 81' lang='lat' dir='ltr'>eomut’</span> <span class='ocrx_word' id='word_1_301' title='bbox 727 3902 784 3956; x_wconf 90' lang='grc' dir='ltr'><strong><em>Β</em></strong></span> <span class='ocrx_word' id='word_1_302' title='bbox 819 3902 1170 3969; x_wconf 87' lang='lat' dir='ltr'>(communius</span> <span class='ocrx_word' id='word_1_303' title='bbox 1206 3899 1300 3957; x_wconf 71' lang='lat' dir='ltr'>Tv</span> <span class='ocrx_word' id='word_1_304' title='bbox 1339 3899 1486 3971; x_wconf 66' lang='lat' dir='ltr'>quod</span> <span class='ocrx_word' id='word_1_305' title='bbox 1520 3901 1890 3958; x_wconf 67' lang='lat' dir='ltr'>Brassieanue</span> <span class='ocrx_word' id='word_1_306' title='bbox 1923 3903 2163 3959; x_wconf 73' lang='lat' dir='ltr'>mutauit</span> <span class='ocrx_word' id='word_1_307' title='bbox 2196 3904 2261 3958; x_wconf 64' lang='lat' dir='ltr'>iu</span> <span class='ocrx_word' id='word_1_308' title='bbox 2294 3915 2416 3959; x_wconf 84' lang='lat' dir='ltr'>cum</span> <span class='ocrx_word' id='word_1_309' title='bbox 2450 3905 2618 3973; x_wconf 75' lang='lat' dir='ltr'>mese)</span> 
     </span>
     <span class='ocr_line' id='line_1_36' title="bbox 492 3985 2757 4057; baseline 0.002 -16"><span class='ocrx_word' id='word_1_310' title='bbox 492 3986 565 4040; x_wconf 69' lang='lat'>22</span> <span class='ocrx_word' id='word_1_311' title='bbox 609 3985 892 4042; x_wconf 75' lang='lat' dir='ltr'>resonante</span> <span class='ocrx_word' id='word_1_312' title='bbox 935 3987 992 4042; x_wconf 84' lang='lat' dir='ltr'><strong><em>A</em></strong></span> <span class='ocrx_word' id='word_1_313' title='bbox 1175 3986 1358 4055; x_wconf 61' lang='lat' dir='ltr'>apices</span> <span class='ocrx_word' id='word_1_314' title='bbox 1391 3987 1713 4042; x_wconf 67' lang='lat' dir='ltr'>Hmelius.</span> <span class='ocrx_word' id='word_1_315' title='bbox 1698 4007 1713 4021; x_wconf 93' lang='lat'><strong>·</strong></span> <span class='ocrx_word' id='word_1_316' title='bbox 1767 3988 1978 4057; x_wconf 74' lang='lat' dir='ltr'>rupices</span> <span class='ocrx_word' id='word_1_317' title='bbox 2014 3988 2130 4043; x_wconf 77' lang='lat' dir='ltr'><strong><em>AB</em></strong></span> <span class='ocrx_word' id='word_1_318' title='bbox 2160 3987 2451 4057; x_wconf 53' lang='lat' dir='ltr'>Halmium</span> <span class='ocrx_word' id='word_1_319' title='bbox 2504 3986 2757 4045; x_wconf 53' lang='lat' dir='ltr'>&amp;macter</span> 
     </span>
     <span class='ocr_line' id='line_1_37' title="bbox 493 4070 2758 4143; baseline 0 -14"><span class='ocrx_word' id='word_1_320' title='bbox 493 4073 613 4129; x_wconf 69' lang='lat' dir='ltr'>ma</span> <span class='ocrx_word' id='word_1_321' title='bbox 642 4071 913 4128; x_wconf 58' lang='lat' dir='ltr'>substant.</span> <span class='ocrx_word' id='word_1_322' title='bbox 956 4074 1147 4141; x_wconf 69' lang='lat' dir='ltr'>posuit</span> <span class='ocrx_word' id='word_1_323' title='bbox 1183 4070 1361 4143; x_wconf 68' lang='lat' dir='ltr'>paule</span> <span class='ocrx_word' id='word_1_324' title='bbox 1394 4078 1524 4127; x_wconf 65' lang='lat' dir='ltr'>mete</span> <span class='ocrx_word' id='word_1_325' title='bbox 1557 4074 1713 4143; x_wconf 69' lang='lat' dir='ltr'>ignes</span> <span class='ocrx_word' id='word_1_326' title='bbox 1751 4074 2020 4143; x_wconf 60' lang='lat' dir='ltr'>caligonus</span> <span class='ocrx_word' id='word_1_327' title='bbox 2045 4074 2273 4132; x_wconf 79' lang='lat' dir='ltr'>nebulas</span> <span class='ocrx_word' id='word_1_328' title='bbox 2478 4076 2549 4131; x_wconf 81' lang='lat'>24</span> <span class='ocrx_word' id='word_1_329' title='bbox 2589 4087 2653 4131; x_wconf 72' lang='lat' dir='ltr'>ee</span> <span class='ocrx_word' id='word_1_330' title='bbox 2700 4076 2758 4130; x_wconf 84' lang='grc' dir='ltr'><strong><em>Β</em></strong></span> 
     </span>
     <span class='ocr_line' id='line_1_38' title="bbox 493 4157 2758 4276; baseline 0.001 -61"><span class='ocrx_word' id='word_1_331' title='bbox 493 4158 756 4215; x_wconf 73' lang='lat' dir='ltr'>⁸.l.m.1</span> <span class='ocrx_word' id='word_1_332' title='bbox 963 4159 1372 4224; x_wconf 64' lang='lat' dir='ltr'>25seolam13,</span> <span class='ocrx_word' id='word_1_333' title='bbox 1410 4157 2282 4231; x_wconf 63' lang='lat' dir='ltr'>munith(m3nsqq.</span> <span class='ocrx_word' id='word_1_334' title='bbox 2318 4161 2758 4276; x_wconf 58' lang='lat' dir='ltr'>affluendum-</span> 
     </span>
     <span class='ocr_line' id='line_1_39' title="bbox 495 4243 2332 4317; baseline 0.003 -20"><span class='ocrx_word' id='word_1_335' title='bbox 495 4243 668 4299; x_wconf 83' lang='lat' dir='ltr'>uersis</span> <span class='ocrx_word' id='word_1_336' title='bbox 696 4248 904 4313; x_wconf 71' lang='lat' dir='ltr'>pauca)</span> <span class='ocrx_word' id='word_1_337' title='bbox 1104 4250 1236 4314; x_wconf 82' lang='lat' dir='ltr'>post</span> <span class='ocrx_word' id='word_1_338' title='bbox 1269 4245 1543 4299; x_wconf 78' lang='lat' dir='ltr'>retulisset</span> <span class='ocrx_word' id='word_1_339' title='bbox 1579 4247 1642 4300; x_wconf 74' lang='lat' dir='ltr'>in</span> <span class='ocrx_word' id='word_1_340' title='bbox 1675 4246 1731 4299; x_wconf 91' lang='grc' dir='ltr'><strong><em>Β</em></strong></span> <span class='ocrx_word' id='word_1_341' title='bbox 1766 4250 1845 4302; x_wconf 75' lang='lat' dir='ltr'>est</span> <span class='ocrx_word' id='word_1_342' title='bbox 1881 4245 1980 4300; x_wconf 80' lang='lat' dir='ltr'>dns</span> <span class='ocrx_word' id='word_1_343' title='bbox 2014 4243 2112 4302; x_wconf 68' lang='lat' dir='ltr'>secl</span> <span class='ocrx_word' id='word_1_344' title='bbox 2138 4254 2332 4317; x_wconf 71' lang='lat' dir='ltr'>punct.</span> 
     </span>
    </p>
   </div>
  </div>
 </body>
</html>
