3380 4919
1161 312 1237 365 ad
1274 313 1631 366 ecclesiam
1676 312 1768 367 ΙΙΙ
1811 316 1841 377 5
1875 312 2100 366 45-51.
2634 312 2761 380 285

504 505 852 588 refugerat,
909 502 1019 585 qui
1075 502 1496 569 membrorum
1554 518 1808 567 suorum
1866 501 2177 567 ulceribus
2236 519 2418 567 canes
2475 505 2760 583 pauerat,

503 625 686 689 quem
755 608 1065 673 scatentes
1130 604 1446 672 uermium
1497 604 1667 688 globi
1739 604 1930 669 etiam
1997 604 2166 671 intra
2222 622 2498 670 recessus
2562 605 2761 688 peresi

504 711 776 792 eorporis
840 712 1183 775 exararant.
1261 728 1296 774 o
1361 707 1575 790 grauis
1642 708 1913 773 nimium
1978 711 2043 772 et
2108 708 2378 790 lugenda
2443 707 2757 774 condicio!
2779 707 2863 773 49

502 831 740 895 pauper
785 812 1243 878 beatitudinem
1288 811 1442 877 emit
1487 811 1898 877 mendicitate
1928 812 2105 876 diues
2137 811 2515 893 supplicium
2559 812 2761 877 facul-

459 917 667 982 state:
730 933 983 997 pauper,
1032 933 1176 980 eum
1221 916 1469 998 penitus
1515 915 1609 979 nil
1653 914 1926 992 haberet,
1972 916 2132 980 emit
2173 916 2457 980 aeternas
2501 915 2759 981 diuitias

505 1021 803 1101 egestate.
881 1036 916 1083 o
962 1022 1195 1101 quanto
1246 1018 1359 1083 has
1405 1016 1650 1083 facilius
1696 1018 1831 1083 tam
1875 1018 2078 1082 multa
2121 1036 2333 1083 rerum
2377 1018 2762 1099 possessione

504 1122 677 1186 diues
718 1124 1007 1205 potuerat
1053 1138 1404 1204 conparare,
1452 1122 1559 1203 qui
1604 1122 1767 1186 inter
1812 1124 2125 1187 tormenta
2155 1124 2448 1185 aestuans
2487 1124 2549 1184 et
2593 1121 2758 1185 inter

502 1224 806 1306 supplicia
846 1224 1269 1307 proclamans:
1327 1228 1580 1308 pater,
1628 1223 1854 1306 inquit,
1901 1223 2333 1301 Abraham,
2383 1223 2762 1289 miserere

503 1328 654 1392 mei
713 1330 791 1393 et
851 1327 1083 1392 mitte
1146 1327 1641 1404 Eleazarum,
1705 1329 1795 1392 ut
1850 1326 2273 1407 intinguat
2330 1331 2762 1392 extremum

435 1429 747 1514 1odigiti
814 1430 936 1495 sui
991 1432 1068 1495 in
1127 1449 1359 1512 aqua,
1427 1435 1513 1495 ut
1558 1429 1997 1512 refrigeret
2063 1429 2422 1509 linguam
2482 1448 2758 1507 meam,

505 1535 684 1616 quia
730 1534 1043 1599 crucior
1085 1534 1165 1598 in
1210 1534 1349 1599 hae
1394 1534 1734 1599 flamma.
1813 1551 1933 1599 non
1991 1533 2278 1598 horrebat
2323 1537 2476 1598 tune
2521 1532 2764 1598 scilicet

505 1636 680 1703 diues
725 1638 830 1701 ille
876 1636 1157 1702 Eleazari
1203 1639 1509 1719 quondam
1542 1635 1837 1719 pauperis
1868 1654 2126 1701 manum
2154 1654 2271 1701 nec
2301 1636 2761 1719 dedignabatur

507 1740 837 1804 auxilium:
902 1740 1096 1805 inseri
1153 1740 1285 1805 eius
1334 1739 1564 1824 digitos
1610 1742 1703 1805 ori
1748 1756 1857 1804 suo
1903 1743 1968 1805 et
2014 1741 2292 1823 mitigari
2336 1740 2759 1806 intolerandas

506 1842 780 1908 faucium
840 1841 1127 1908 flammas
1186 1843 1357 1909 illius
1417 1844 1660 1925 pridem
1721 1842 1987 1908 faetidae
2031 1861 2105 1908 ac
2148 1845 2491 1925 squalentis
2536 1861 2762 1909 manus

436 1971 488 2013 ιο
502 1964 760 2010 munere
824 1948 1203 2027 postulabat.
1278 1964 1312 2010 o
1370 1948 1602 2030 quanta
1668 1964 1882 2010 rerum
1946 1946 2218 2011 mutatio
2285 1946 2451 2012 faeta
2520 1947 2761 2012 fuerat!

505 2049 680 2130 tangi
745 2052 901 2113 tunc
947 2048 1025 2114 ab
1074 2068 1146 2115 eo
1191 2050 1602 2127 desiderabat,
1671 2068 1858 2133 quem
1922 2051 2116 2116 etiam
2180 2051 2393 2116 uidere
2450 2054 2593 2115 ante
2652 2050 2764 2115 de·

505 2152 799 2234 spexerat.

591 2271 738 2336 XII.
801 2274 971 2337 Haec
1017 2291 1163 2357 ergo
1208 2272 1438 2338 diuites
1494 2275 1785 2355 cogitent,
1848 2274 1954 2354 qui
1999 2272 2302 2337 redimere
2347 2271 2758 2337 facultatibus
2776 2267 2864 2337 50

507 2375 637 2440 suis
696 2375 937 2452 nolunt,
995 2394 1072 2440 ne
1131 2377 1255 2441 ista
1308 2376 1651 2458 patiantur.
1728 2375 1902 2440 diues
1947 2376 2071 2439 fuit
2114 2375 2244 2453 ille,
2304 2375 2380 2438 de
2426 2392 2545 2458 quo
2591 2392 2760 2440 nunc

436 2479 838 2561 soloquimlm
888 2480 1115 2545 diuites
1161 2481 1310 2545 sunt
1354 2482 1418 2545 et
1461 2481 1591 2558 isti,
1639 2480 1719 2545 ad
1766 2497 1915 2562 quos
1960 2497 2125 2544 nunc
2167 2479 2498 2562 loquimur.
2573 2480 2757 2544 unius

507 2584 658 2648 sunt
716 2584 1018 2649 nominis:
1080 2589 1342 2650 caueant
1387 2604 1464 2649 ne
1509 2585 1637 2648 sint
1697 2585 1887 2647 etiam
1930 2581 2308 2647 condicionis
2352 2582 2558 2648 unius,
2633 2601 2761 2648 non

506 2686 861 2751 liberabunt
926 2689 1094 2753 enim
1160 2687 1275 2752 filii
1341 2686 1568 2752 diuites
1634 2690 1921 2769 parentes
1989 2703 2158 2764 reos,
2236 2704 2348 2750 nec
2414 2686 2762 2767 restinguet

507 2788 795 2853 flammas
841 2788 1054 2854 miseri
1113 2790 1429 2854 testatoris
1473 2789 1715 2854 deliciis
1760 2788 2131 2854 afluentibus
2178 2788 2509 2871 opulentus
2556 2788 2760 2854 heres.

511 2889 736 2955 durum
804 2893 902 2956 est
965 2891 1045 2956 ab
1113 2892 1317 2974 aliquo
1383 2891 1529 2957 filiis
1598 2910 1669 2956 ae
1732 2892 2093 2975 propinquis
2166 2909 2388 2973 parum
2454 2888 2860 2974 relinquit5l

437 3020 490 3061 ιε
512 2996 712 3058 multo
757 2999 851 3059 est
896 2995 1112 3060 durius
1157 2997 1220 3059 in
1268 2996 1639 3060 aeternitate
1682 2995 1980 3077 torqueri.
2045 2994 2261 3075 opinor
2299 2996 2462 3059 enim
2495 2994 2760 3060 diuitem

508 3096 712 3181 illum,
772 3116 910 3162 cum
957 3100 1363 3180 torqueretur,
1424 3116 1545 3163 non
1589 3099 1841 3163 tantum
1887 3098 2281 3163 delectabant
2322 3114 2469 3180 opes
2512 3098 2761 3164 heredis

508 3202 602 3265 sui
672 3205 974 3282 quantum
1040 3203 1352 3283 angebant
1418 3202 1736 3266 tormenta
1801 3201 2071 3284 corporis
2138 3201 2253 3281 sui,
2322 3219 2444 3267 non
2511 3202 2762 3267 tantum

712 3388 748 3441 8
792 3387 918 3440 Luc.
959 3388 1039 3454 16,
1075 3388 1145 3441 24

612 3557 644 3610 5
681 3557 928 3625 paenitus
963 3557 1018 3611 A
1201 3558 1235 3612 8
1270 3556 1447 3626 inquit
1484 3572 1553 3610 ex
1587 3556 1779 3624 inquid
1815 3572 1954 3611 corr.
1989 3572 2058 3610 m.
2082 3559 2123 3611 2
2158 3557 2212 3610 Β
2397 3557 2430 3609 9
2465 3556 2761 3611 ὼπωηιῑιι

511 3659 647 3699 erae.
686 3644 769 3697 bis
803 3645 881 3698 lit.
921 3660 950 3697 e
982 3643 1078 3698 sed
1112 3644 1195 3698 ita
1229 3649 1293 3697 ut
1340 3659 1453 3698 non
1499 3644 1723 3698 omnino
1768 3643 2060 3698 wanuerit
2104 3642 2162 3697 A
2219 3644 2452 3697 lazarum
2500 3643 2581 3709 B,
2634 3644 2763 3698 item

500 3731 676 3799 paulo
702 3736 833 3800 post
866 3730 1085 3784 altazari
1124 3735 1177 3784 et
1212 3730 1379 3783 lazari
1555 3730 1616 3783 11
1657 3730 1867 3783 orrebat
1903 3730 1957 3783 Β
2136 3730 2202 3784 13
2237 3731 2350 3784 eius
2385 3729 2550 3782 inseri
2585 3730 2762 3799 siquis

510 3818 960 3885 transpositionis
994 3816 1204 3870 additis
1239 3815 1293 3868 B
1498 3815 1885 3870 intollerandas
1922 3815 1978 3869 Β
2183 3815 2251 3870 14
2285 3814 2515 3869 foetidae
2552 3816 2670 3881 (sic)
2707 3817 2763 3871 Δ

509 3903 663 3971 faede
715 3918 758 3957 s.
808 3918 910 3957 scr.
961 3919 1030 3956 m.
1078 3904 1118 3954 2
1170 3901 1219 3954 ti
1270 3901 1325 3955 Β
1562 3902 1629 3955 16
1682 3901 1827 3955 tanti
1881 3901 1937 3955 Β
2163 3900 2464 3968 dispexerat
2512 3902 2623 3955 AB

511 3990 594 4044 18.
629 3990 699 4043 20
741 3987 1297 4056 diuites--loquimur
1335 3993 1463 4054 post
1508 3990 1637 4042 suut
1680 3987 1912 4040 nominis
1954 3987 2112 4041 habet
2145 3988 2201 4043 A
2234 3987 2329 4043 sed
2362 3987 2536 4057 siquis
2569 3994 2757 4042 trans·

505 4075 797 4142 positionis
830 4092 899 4129 m.
924 4079 956 4128 1
994 4080 1045 4129 et
1077 4090 1147 4130 m.
1180 4076 1221 4127 2
1255 4088 1298 4126 e.
1322 4073 1481 4126 unius
1505 4088 1606 4128 scr.
1633 4073 1684 4136 b,
1719 4088 1763 4127 s.
1790 4073 1990 4126 diuites
2012 4089 2045 4127 a
2068 4073 2150 4127 lit.
2338 4073 2403 4128 21
2431 4074 2760 4127 conditionis

510 4161 599 4214 Mc
633 4161 689 4215 A
859 4161 928 4215 23
964 4159 1162 4213 diliciis
1197 4159 1520 4213 afluentibus
1556 4159 1668 4213 AB
1722 4159 1793 4225 cf.
1823 4160 2001 4226 paulo
2027 4165 2157 4227 post
2191 4165 2244 4212 et
2279 4159 2358 4215 ΙΙ
2384 4164 2460 4214 48
2633 4175 2761 4228 opu·

511 4246 691 4300 lentus
727 4263 794 4302 ex
830 4248 1002 4300 -tibus
1039 4263 1177 4302 corr.
1215 4262 1283 4300 m.
1319 4249 1360 4300 2
1395 4245 1448 4298 Β
1654 4246 1805 4300 heres
1851 4261 1917 4299 ex
1963 4244 2178 4300 heredes
2212 4262 2350 4301 corr.
2385 4263 2454 4301 m.
2493 4249 2533 4299 2
2568 4246 2624 4299 A
