3380 4919
1200 317 1277 371 ad
1317 317 1672 371 ecclesiam
1721 316 1749 370 I
1786 320 1816 380 5
1852 316 2074 369 30—36.
2642 315 2770 383 235

502 509 992 584 transmiserint,
1041 524 1180 571 cum
1229 507 1419 571 etiam
1463 505 1563 570 illi
1607 506 1697 570 rei
1739 504 1941 570 futuri
1985 503 2129 583 sint,
2178 504 2286 585 qui
2329 521 2450 567 non
2493 522 2558 568 se
2601 505 2769 587 ipsos

501 612 566 676 in
611 614 745 677 uita
801 612 922 677 ista
976 610 1187 692 aliqua
1245 611 1339 675 ob=
1367 610 1661 674 honorem
1706 609 1806 674 dei
1847 624 2054 672 rerum
2117 624 2369 672 suarum
2421 610 2602 688 parte
2641 608 2767 688 prin·

500 716 851 780 nauerinto
884 704 887 709 ⁴
922 714 1290 778 ostendente
1366 712 1461 776 id·
1502 711 1710 795 ipsum
1784 711 1978 775 etiam
2049 727 2159 791 per
2232 710 2586 792 apostolum
2657 710 2767 774 do-

500 817 672 882 mino
762 820 973 882 nostro
1059 819 1245 896 atque
1319 814 1598 880 dicente:
1675 831 1817 897 age
1892 830 2120 890 nunc,
2198 813 2535 896 diuite8‚
2610 813 2768 894 plo-

459 923 675 984 srate'
735 921 811 984 in
874 918 1259 996 mis‘eriiS,
1329 937 1518 999 quae
1580 917 2024 989 aduenient
2084 918 2344 982 uobis:
2418 916 2766 983 diuitiae

502 1028 818 1088 uestrae
884 1022 1390 1104 putrefactae
1459 1022 1641 1086 sunt
1706 1025 1786 1089 et
1846 1021 2339 1086 uestimenta
2402 1020 2672 1084 uestra
2729 1036 2769 1084 a

501 1126 752 1190 tineis
810 1126 1162 1190 comesta
1217 1128 1434 1209 sunt,
1493 1142 1766 1188 aurum
1811 1127 1890 1187 et
1934 1126 2354 1206 argentum
2413 1126 2766 1187 uestrum

500 1229 1061 1312 aerugssinauit,
1108 1229 1200 1292 ⁸et
1256 1222 1544 1310 aerugo
1592 1244 1863 1292 eorum
1908 1229 1983 1291 in
2040 1225 2597 1290 testimonium
2641 1244 2765 1290 uo·-

501 1331 624 1396 bis
670 1332 832 1396 erit
878 1333 955 1394 et
1000 1331 1517 1396 manducabit
1577 1348 1850 1395 carnes
1912 1332 2219 1394 uestras
2266 1330 2477 1395 sicut
2534 1328 2762 1411 ignis.

431 1434 1076 1500 iothesaurizatis
1122 1433 1201 1499 in
1247 1432 1715 1501 nouissimis
1754 1432 2050 1503 diebus,
2095 1436 2338 1515 praeter
2369 1431 2569 1510 illam,
2607 1429 2867 1513 quae34

500 1541 565 1602 in
611 1538 904 1619 mysterio
965 1538 1167 1600 latens
1226 1537 1424 1604 maior
1488 1539 1580 1599 est
1640 1535 1841 1605 multo
1889 1553 1966 1601 ac
2005 1534 2345 1599 terribilior
2406 1534 2763 1607 diuinorum

502 1639 831 1704 uerborum
876 1638 1295 1722 seueritatem,
1338 1638 1626 1710 sufficere
1669 1639 1750 1704 ad
1795 1639 2035 1703 metum
2074 1657 2145 1704 ac
2179 1642 2520 1702 tremorem
2566 1640 2761 1703 omni-

503 1741 617 1804 bus
662 1745 814 1822 puto
860 1741 992 1824 illa,
1041 1759 1194 1822 quae
1239 1744 1535 1829 prompta·
1573 1744 1751 1816 sunt3
1797 1742 1877 1805 ad
1910 1741 2339 1811 diuitesenim
2369 1742 2763 1822 peculiariter

500 1844 797 1924 loquitur.
875 1845 1169 1929 plangere
1227 1861 1328 1908 eos
1386 1844 1692 1926 praecipit
1751 1845 1922 1910 mala
1980 1845 2196 1911 futura
2240 1844 2493 1919 nuntiat
2549 1845 2764 1928 ignem

429 1975 480 2015 ιε
500 1949 869 2029 perpetuum
943 1946 1382 2015 comminatur.
1488 1953 1573 2017 et.
1622 1947 1768 2031 hoc,
1827 1965 1965 2029 „quo
2038 1949 2252 2020 minae
2322 1951 2489 2029 ipsae
2567 1950 2763 2029 magis

499 2049 837 2114 timendae
856 2050 1014 2132 sint,
1061 2067 1183 2119 non
1221 2051 1474 2132 propter
1505 2050 1839 2117 homicidia
1870 2070 1992 2116 non
2012 2056 2273 2132 propter
2305 2050 2761 2137 fornicationeS,
2848 2080 2854 2123 ·.

499 2168 621 2215 non
662 2151 768 2219 ,ob
828 2153 1169 2234 sacrilegas
1231 2154 1565 2234 inpietates
1633 2156 1745 2218 aut
1810 2153 1937 2218 alia
1998 2154 2313 2234 postremo
2371 2154 2528 2218 uitia
2584 2155 2763 2221 letali

500 2254 729 2336 gladio.
773 2254 1045 2319 animas·
1074 2258 1141 2319 et
1205 2255 1460 2336 perenni
1525 2255 1827 2321 occisione
1895 2256 2270 2339 iugulantia,
2336 2257 2442 2323 sed
2514 2258 2764 2338 propter

500 2356 689 2422 solas·
721 2359 1158 2422 tantummodo
1215 2375 1360 2445 opes
1420 2362 1673 2440 propter
1718 2360 2003 2429 insanam
2049 2357 2464 2440 cupiditatem
2505 2362 2762 2442 propter

427 2484 481 2527 πο
500 2462 637 2525 auri
680 2464 870 2542 atque
916 2463 1158 2543 argenti
1202 2462 1455 2544 famem,
1501 2463 1573 2527 ut
1617 2462 1971 2526 ostenderet
2017 2459 2261 2527 scilicet
2291 2462 2579 2528 sufficere
2599 2463 2762 2528 ,haec

497 2564 739 2634 homini
804 2565 886 2630 ad
946 2566 1261 2634 aeternam
1330 2563 1820 2640 damnationem,
1893 2564 2139 2629 etiamsi
2205 2566 2410 2628 reatus
2469 2564 2579 2630 alii
2641 2585 2761 2632 non

496 2666 782 2738 fuissent.
857 2667 1009 2749 quid
1067 2668 1192 2733 dici·
1261 2667 1612 2749 simplicius
1673 2668 1850 2749 quid·
1882 2666 2234 2733 euidentius
2303 2671 2563 2750 potest?
2639 2689 2761 2736 non
2779 2666 2865 2733 35

499 2768 652 2834 dicit
697 2769 917 2836 diuiti:
977 2771 1358 2854 torquendus
1404 2790 1488 2849 eS,
1552 2772 1699 2852 quia
1742 2770 2059 2838 homicida
2087 2790 2198 2854 ἶθεἰ
2247 2757 2629 2853 torquendus
2676 2760 2759 2853 es,

497 2872 642 2953 quia
688 2873 1044 2951 fornicator,
1105 2874 1213 2943 sed
1257 2873 1637 2957 torquendus
1684 2874 2170 2957 tantummon,
2199 2875 2346 2957 quia
2392 2876 2584 2956 diueS,
2641 2877 2760 2944 »hoc

427 2980 593 3044 nest
637 2976 785 3058 quia
827 2976 1068 3046 diuitiis
1111 2977 1278 3047 male
1324 2976 1541 3054 uteris,
1588 2976 1960 3058 quiadatas
2005 2978 2124 3043 tibi
2157 2979 2236 3048 ad
2271 2996 2425 3060 opus
2470 2983 2759 3045 sanctum
2839 3013 2842 3018 ·

499 3075 753 3149 diuitias
798 3098 918 3148 non
965 3079 1319 3161 intellegis·
1359 3097 1485 3151 non
1529 3079 1698 3147 enim
1742 3079 1914 3161 ipsae
1959 3079 2225 3146 diuitiae
2269 3100 2378 3163 per
2412 3101 2478 3146 se
2523 3085 2758 3160 noxiae,

497 3180 607 3248 sed
651 3182 1104 3250 mentes-male
1149 3182 1485 3248 utentium·
1511 3183 1912 3260 criminosae,
1945 3201 2062 3249 nec
2108 3184 2279 3265 ipsae
2327 3201 2482 3265 opes
2519 3185 2759 3250 homini

495 3301 726 3365 poenae
769 3301 957 3349 causa
1000 3288 1166 3369 sunt,
1223 3286 1333 3352 sed
1378 3286 1471 3351 de¹
1499 3284 1717 3367 opibus
1765 3286 1891 3356 sibi
1938 3305 2166 3369 poenas
2214 3288 2460 3361 diuites,
2490 3288 2754 3367 faciunt,

497 3385 645 3468 quia
687 3387 837 3452 dum
884 3388 980 3456 uti
1027 3387 1270 3454 diuitiis
1322 3386 1482 3453 bene
1527 3389 1770 3466 nolunt,
1827 3391 1996 3470 ipsas
2043 3389 2163 3462 sibi
2211 3389 2467 3470 diuitias
2513 3392 2580 3454 in
2625 3392 2757 3455 tor-

427 3492 708 3555 aomenta
752 3492 1149 3556 conuertunt.
1225 3490 1843 3570 thesaurizatiS,
1890 3490 2116 3573 inquit,
2164 3492 2243 3556 in
2290 3493 2758 3559 nouissimis

496 3592 785 3657 diebus.
876 3595 1063 3671 bene,
1132 3614 1273 3660 cum
1342 3596 1599 3660 dixisset
1674 3593 2337 3674 thesaurizatiss
2369 3595 2611 3662 addidit
2676 3591 2861 3662 11136

697 3753 734 3807 4
779 3753 888 3830 Iac.
926 3755 974 3819 5,
1011 3755 1041 3844 1

596 3898 631 3951 3
682 3899 925 3953 ostende*
950 3899 1004 3952 B
1222 3901 1545 3967 apostolum·
1570 3902 1682 3955 AB
1698 3919 1722 3954 :⁴
1766 3901 2069 3971 apostolum
2106 3918 2264 3955 suum
2321 3903 2607 3969 Halmius,
2661 3906 2759 3973 qui

493 3984 557 4037 in
593 3982 747 4036 adm
764 3983 1071 4037 cria-*nihil
1105 3982 1339 4038 adnotat
1390 3991 1395 4006 ⁴
1542 3987 1578 4038 4
1613 4002 1714 4056 age
1746 4003 1789 4040 8.
1824 4002 1926 4041 scr.
1964 3987 2044 4040 ite
2067 4004 2145 4041 im.
2183 3990 2223 4041 2
2256 3990 2311 4041 A
2364 4005 2464 4058 age
2497 3990 2554 4043 B
2608 3991 2757 4060 agite

494 4084 619 4123 cum
633 4086 678 4137 p
700 4076 756 4124 et
788 4070 1313 4139 Vulqatarflalmius
1494 4072 1529 4125 8
1553 4074 1861 4142 eruginauit
1885 4078 1938 4127 et
1964 4090 2130 4143 erugo
2153 4074 2270 4127 AB
2423 4076 2517 4138 ,13
2540 4080 2757 4144 prumta

483 4155 548 4206 ,Δ
592 4155 951 4223 ριίιωρῆαᾝς
999 4156 1068 4221 ef.
1089 4155 1338 4211 Romen
1360 4156 1513 4211 Itala
1537 4171 1593 4211 u·
1626 4158 1868 4227 Vulyata
1887 4174 1943 4226 p.
1973 4160 2087 4213 460
2292 4159 2360 4214 26
2386 4162 2643 4215 noxie·A.
2667 4197 2673 4208 »

495 4239 562 4292 27
600 4241 797 4293 mentis
830 4246 1019 4309 punct.
1059 4257 1083 4293 s
1121 4242 1198 4295 lit.
1239 4241 1294 4295 B
