3380 4919
1134 312 1206 366 de
1242 313 1510 382 gubern.
1548 312 1651 366 dei
1694 313 2073 381 111§6—1‘2.
2647 318 2731 382 45

476 503 691 567 menta
737 503 1002 567 duorum
1046 505 1399 583 temporum
1443 503 1695 571 iubent:
1743 505 1993 569 remitto
2026 523 2352 570 censuram
2379 506 2535 588 legis
2567 509 2729 572 anti-

478 625 664 688 quae,
721 609 979 671 remitto
1036 608 1150 672 has
1208 607 1651 689 prophetarum
1711 610 1941 686 minas,
2007 610 2258 674 remitto
2322 612 2511 675 etiam
2572 630 2729 692 quae

475 711 717 774 remitti
763 711 1015 775 omnino
1060 729 1184 774 non
1230 713 1507 795 possunt,
1554 711 1656 775 uel
1698 712 2174 794 apostolicorum
2211 713 2511 778 librorum
2558 732 2729 779 seue-

475 814 791 878 rissimam
836 813 1297 878 institutionem
1341 816 1448 878 uel
1493 814 1995 898 euangelicorum
2041 817 2434 881 uoluminum
2479 816 2730 898 plenam

434 917 649 981 5omni
693 916 1087 999 perfectionis
1131 934 1355 999 genere
1415 917 1794 983 doctrinam:
1857 918 2247 999 paucissimis
2294 919 2506 983 saltim
2552 933 2729 1001 prae-

476 1019 672 1101 ceptis
729 1020 827 1085 dei
885 1022 1022 1102 quis
1069 1021 1444 1103 obsequatur
1501 1022 1829 1104 interrogo.
1921 1040 2032 1086 nec
2085 1022 2220 1086 dico
2263 1022 2377 1087 illa
2436 1041 2591 1103 quae
2638 1022 2834 1091 italo

472 1126 660 1189 multi
703 1124 1053 1207 refugiunt,
1124 1128 1195 1189 ut
1249 1144 1441 1206 paene
1509 1126 1572 1190 et
1617 1129 2000 1190 execrentur.
2094 1126 2343 1191 tantum
2400 1126 2561 1206 apud
2617 1143 2729 1190 nos

474 1226 669 1291 honor
737 1229 798 1291 et
863 1230 1208 1293 reuerentia
1273 1228 1373 1292 dei
1432 1227 1717 1309 proficit,
1788 1232 1858 1292 ut
1926 1248 2082 1311 quae
2145 1229 2539 1293 indeuotione
2605 1248 2726 1294 non

474 1328 757 1408 facimuS,
806 1330 998 1394 etiam
1045 1329 1183 1394 odio
1232 1330 1420 1413 digna
1469 1348 1600 1394 esse
1645 1331 1982 1395 ducamus·
2053 1331 2313 1412 denique
2359 1331 2506 1408 hoc,
2563 1331 2727 1412 quod

405 1453 455 1490 10
475 1433 749 1497 saluator
781 1434 1054 1516 cogitare
1088 1452 1197 1498 nos
1227 1436 1302 1499 de
1330 1434 1599 1498 crastino
1630 1434 1934 1516 prohibet,
1974 1434 2111 1515 quis
2143 1433 2357 1497 audire
2386 1433 2725 1515 dignatur?

473 1538 630 1616 quod
677 1538 996 1601 contentos
1041 1537 1305 1620 singulis
1355 1537 1582 1601 tunicis
1614 1537 1790 1602 iubet
1836 1556 1986 1615 esse,
2034 1536 2173 1618 quis
2218 1535 2487 1617 recipit?
2563 1536 2724 1617 quod

472 1639 790 1705 ambulare
847 1641 1146 1705 excalcios
1203 1640 1539 1722 praecipit,
1602 1644 1739 1723 quis
1801 1660 1923 1706 non
1979 1644 2162 1706 modo
2218 1640 2567 1705 faciendum
2620 1640 2726 1703 sed

470 1743 569 1808 uel
625 1743 948 1807 ferendum
1007 1735 1392 1809 arbitretur?
1468 1744 1678 1826 itaque
1741 1762 1852 1829 ego
1911 1746 2033 1810 ista
2092 1747 2427 1827 praetereo.
2503 1745 2568 1808 in
2613 1748 2728 1806 hoc

470 1847 636 1932 enim
682 1845 863 1923 fides,
933 1865 1041 1927 per
1087 1865 1272 1928 quam
1334 1846 1732 1925 confidimuS,
1797 1847 2048 1927 recidit,
2112 1850 2183 1910 ut
2242 1866 2395 1928 quae
2441 1846 2726 1910 dominus

342 1946 351 1953 ”
401 1948 647 2012 15110018
695 1950 1000 2014 salutaria
1045 1969 1178 2014 esse
1209 1951 1411 2014 uoluit
1443 1968 1552 2015 nos
1584 1950 1894 2034 superflua
1940 1950 2305 2014 iudicemus.
2358 1948 2725 2031 diligite,

468 2051 674 2132 inquit
720 2053 1027 2129 saluator,
1087 2054 1465 2117 inimicos
1525 2059 1868 2132 uestroS,
1919 2054 2371 2118 benefacite
2417 2053 2547 2115 his
2596 2052 2729 2132 qui

469 2154 802 2217 oderunt
869 2172 1044 2233 uos,
1113 2157 1192 2219 et
1249 2156 1473 2220 orate
1531 2175 1666 2237 pro
1731 2154 2399 2239 persequentibus
2458 2158 2531 2218 et
2593 2172 2726 2218 ca-

467 2255 1061 2322 lumniantibus
1107 2276 1258 2324 1108.
1321 2258 1461 2340 quis
1508 2259 1658 2323 11666
1704 2261 1914 2323 01111116
1957 2258 2209 2323 faciat?
2266 2259 2401 2339 quis
2450 2275 2559 2337 pro
2606 2254 2727 2319 ini-

468 2359 653 2422 micis
700 2361 828 2425 suis
889 2362 1015 2425 ista
1075 2379 1228 2443 quae
1284 2364 1437 2426 deus
1482 2362 1700 2440 iussit,
1761 2380 1882 2426 non
1939 2364 2074 2427 dico
2133 2362 2298 2426 uotis
2356 2361 2463 2425 sed
2519 2358 2728 2424 uerbis

398 2464 682 2528 sosaltim
730 2482 910 2548 agere
957 2464 1291 2547 dignetur?
1337 2483 1493 2547 quae
1539 2464 1748 2543 etiam,
1795 2465 1850 2529 si
1894 2465 2031 2547 quis
2078 2483 2143 2527 86
2191 2464 2357 2547 cogit
2401 2465 2473 2528 ut
2517 2464 2724 2542 faciat,
2750 2468 2826 2531 ll

468 2566 624 2630 facit
682 2569 895 2631 tamen
958 2586 1058 2631 ore
1105 2585 1227 2631 non
1286 2569 1526 2631 mente:
1587 2568 1863 2650 praestat
1919 2567 2173 2649 quidem
2220 2568 2391 2631 uocis
2451 2565 2728 2630 officium

465 2671 568 2734 sed
615 2671 805 2734 animi
853 2688 975 2734 non
1021 2672 1230 2734 mutat
1276 2669 1589 2734 affectum.
1638 2689 1709 2735 ac
1753 2690 1862 2753 per
1898 2670 2017 2734 hoc
2056 2669 2301 2733 etiamsi
2346 2688 2455 2752 pro
2503 2669 2726 2733 aduer-

468 2772 629 2836 sario
677 2790 787 2837 8110
836 2790 1011 2836 orare
1057 2791 1122 2837 se
1167 2771 1362 2854 cogit,
1425 2772 1701 2854 loquitur
1761 2791 1879 2836 non
1934 2773 2238 2854 precatur.
2328 2771 2586 2855 longum
2632 2772 2726 2836 est

469 2872 542 2936 de
587 2873 855 2957 singulis
902 2874 1121 2939 dicere.
1171 2875 1279 2939 sed
1327 2874 1530 2940 adhuc
1561 2874 1800 2956 aliquid
1829 2877 2043 2938 tamen
2087 2874 2328 2953 addam,
2376 2879 2447 2939 ut
2477 2874 2725 2938 intelle-

398 3000 450 3041 25
467 2993 689 3057 gamus
746 2995 858 3041 nos
919 2996 1041 3042 non
1098 2978 1280 3042 modo
1338 2995 1459 3041 non
1519 2977 1806 3042 omnibus
1869 2977 1969 3042 dei
2022 2977 2449 3059 obtemperare
2494 2975 2721 3050 uerbis,

466 3080 573 3142 sed
616 3079 807 3144 nullis
862 3099 1055 3161 paene
1100 3080 1272 3143 illius
1331 3079 1616 3146 oboedire
1678 3080 2005 3144 mandatis,
2098 3082 2160 3144 et
2215 3081 2354 3145 ideo
2413 3081 2723 3162 apostolus

467 3182 722 3247 clamat:
757 3201 931 3250 nam
975 3184 1107 3265 qui
1154 3202 1230 3247 86
1262 3183 1674 3247 existimat
1722 3202 1890 3247 6886
1922 3183 2259 3266 aliquid,
2309 3202 2475 3248 cum
2517 3182 2721 3247 nihil

465 3284 607 3363 sit,
653 3304 731 3350 se
778 3285 1036 3367 ipsum
1081 3286 1412 3351 seducit.
1483 3285 1602 3350 hoc
1669 3285 1834 3351 enim
1881 3286 1959 3350 ad
2006 3286 2269 3351 crimina
2337 3288 2549 3351 nostra
2613 3288 2721 3351 ad·
2746 3290 2826 3355 12

669 3428 736 3481 10
785 3429 987 3486 Matth.
1023 3430 1071 3494 6,
1108 3429 1177 3483 34
1352 3431 1418 3483 15
1463 3429 1661 3482 Matth.
1698 3430 1746 3493 5,
1782 3430 1853 3483 44
2026 3430 2092 3483 27
2144 3430 2262 3483 Gal.
2300 3431 2348 3493 6,
2385 3429 2418 3481 3

565 3560 598 3611 2
634 3559 732 3612 1168
769 3575 836 3613 ex
872 3560 970 3612 hos
1009 3561 1063 3613 A
1098 3575 1236 3614 corr.
1274 3577 1342 3614 m.
1368 3562 1408 3612 2
1603 3560 1637 3613 3
1673 3559 1875 3613 librum
1909 3560 1963 3611 A
2157 3558 2192 3612 4
2230 3558 2625 3627 euangeliorum
2665 3559 2720 3612 Β

464 3645 598 3712 (non
633 3646 688 3699 A
712 3650 776 3700 ut
801 3645 956 3713 apud
980 3646 1290 3710 Halmium)
1463 3647 1494 3699 5
1532 3647 1716 3700 saltim
1751 3647 1807 3700 A
1842 3662 1908 3698 m.
1937 3650 1966 3697 1
2022 3646 2213 3698 saltem
2250 3661 2315 3698 m.
2342 3648 2382 3698 2
2553 3646 2586 3698 6
2622 3646 2721 3699 1116

461 3730 577 3784 dico
614 3731 669 3783 Β
843 3732 872 3784 7
908 3732 1050 3800 apud
1085 3748 1183 3789 om.
1223 3733 1278 3785 Β
1310 3749 1377 3785 m.
1404 3737 1436 3785 1
1616 3734 1650 3786 8
1687 3732 1746 3785 in
1784 3731 2069 3784 deuotione
2104 3731 2259 3784 malit
2293 3730 2583 3784 Hartelius

463 3816 530 3869 10
582 3817 817 3870 crastino
865 3834 932 3871 ex
977 3818 1213 3871 castrino
1258 3819 1314 3871 A
1359 3833 1495 3872 corr.
1532 3834 1599 3874 m.
1631 3822 1663 3871 1
1870 3815 2085 3885 recipit]
2137 3816 2354 3884 respicit
2405 3817 2721 3885 suspicatum

459 3902 749 3955 Hartclius
923 3903 989 3956 13
1014 3906 1069 3956 et
1093 3919 1189 3973 ego
1214 3904 1269 3957 Β
1444 3904 1511 3957 14
1535 3920 1626 3972 per
1650 3907 1753 3971 que
1776 3902 1832 3955 A
2003 3902 2201 3955 recedit
2223 3903 2279 3956 A
2304 3907 2356 3956 et
2379 3919 2445 3956 m.
2471 3908 2502 3956 1
2529 3904 2584 3956 B

463 3988 524 4040 17
551 4004 647 4041 uos
672 3987 902 4041 oderunt
926 3990 981 4042 B
1170 3990 1238 4043 20
1263 3991 1445 4044 saltim
1470 3993 1523 4042 A
1547 4007 1613 4044 m.
1640 3995 1671 4043 1
1709 3989 1901 4043 saltem
1925 4005 1995 4042 m.
2021 3991 2061 4041 2
2245 3988 2491 4057 digndmr
2515 3992 2569 4044 A
2592 4008 2661 4048 m.
2688 3995 2720 4044 1

458 4072 718 4140 dignatur
769 4090 836 4126 m.
883 4078 920 4129 2
979 4074 1233 4143 dignetur
1285 4075 1337 4127 B
1552 4092 1688 4144 quae
1740 4075 1965 4143 scripsi:
2026 4077 2121 4128 aut
2174 4075 2285 4127 AB
2321 4076 2580 4131 Halmius

460 4160 527 4212 22
563 4174 669 4211 11011
707 4158 875 4212 61111111
910 4175 1018 4213 11011
1057 4161 1111 4213 A
1145 4159 1239 4214 sed
1271 4162 1431 4228 prius
1467 4177 1572 4214 non
1601 4166 1799 4229 punct.
1996 4159 2064 4213 23
2100 4163 2181 4213 est
2218 4176 2318 4216 om.
2355 4161 2409 4213 B
2442 4178 2508 4215 m.
2546 4166 2579 4216 1

459 4244 529 4297 24
565 4247 746 4297 tamen
784 4243 992 4313 aliquid
1029 4246 1084 4298 B
1289 4245 1355 4299 27
1392 4246 1596 4314 aliquid
1633 4262 1746 4300 esse
1783 4262 1837 4299 se
1873 4246 1989 4314 (sic)
2030 4246 2085 4299 Β
