3380 4919
702 289 821 354 118
1668 288 1980 343 Saluiani

697 474 864 541 beati
909 476 1170 557 apostoli
1217 476 1476 555 dictum,
1522 494 1642 559 quo
1686 479 1812 543 aitt·
1855 478 2171 562 ignoras
2217 478 2581 560 quoniam
2619 477 2950 543 bonitas

694 577 817 642 dei
848 580 932 644 ad
975 578 1563 662 paenitentiam
1592 581 1668 644 te
1699 580 2067 646 adducit?
2111 583 2534 647 secundum
2563 579 2946 646 duritiam

696 682 960 746 autem
1025 684 1249 747 tuam
1305 687 1384 747 et
1439 702 1567 748 cor
1634 685 2149 767 inpaen‘itens
2214 684 2723 751 thesaurizas
2787 683 2947 749 tibi

587 782 894 850 50iram
940 785 1019 849 in
1075 786 1200 851 die
1257 786 1441 851 irae.
1521 788 1586 850 et
1627 805 1775 851 uere
1816 788 1909 852 ita
1965 789 2227 872 agimus,
2285 791 2358 852 ut
2402 786 2560 851 dicit
2603 787 2942 870 apostolus.

692 887 844 951 deus
892 888 1054 954 enim
1103 908 1214 955 nos
1258 893 1444 955 uocat
1490 890 1569 954 ad
1611 890 2060 972 paenitentiam
2076 937 2091 967 ,
2138 894 2245 957 sed
2290 906 2401 955 nos
2448 888 2946 955 thesaurizamus
2975 909 3018 952 -s

690 991 880 1055 iram:
927 992 1077 1056 deus
1121 1009 1232 1057 nos
1276 993 1511 1058 inuitat
1557 994 1634 1058 ad
1681 994 1954 1076 ueniam,
1979 995 2110 1058 ›sed
2133 1010 2252 1058 ¹nos
2286 991 2519 1059 cotidie
2548 993 2942 1059 cumulamus

691 1093 1003 1159 offensam.
1078 1095 1215 1159 uim
1281 1096 1396 1161 deo
1440 1095 1705 1161 facimus
1758 1096 2202 1178 iniquitatibus
2239 1096 2491 1174 nostris,
2557 1095 2677 1179 ipsi
2720 1096 2787 1160 in
2830 1115 2946 1162 nos,

688 1195 848 1261 iram
906 1198 1256 1265 diuinitatis
1314 1212 1663 1265 armamus:
1723 1201 2002 1283 cogimus
2047 1200 2126 1268 ad
2171 1199 2559 1264 ulciscendas
2607 1198 2942 1264 criminum

687 1302 1040 1366 nostrorum
1086 1301 1511 1368 immanitates
1556 1302 1874 1369 nolentem
1919 1303 2127 1382 deum,
2176 1319 2365 1385 prope
2395 1304 2492 1367 est
2522 1303 2594 1366 ut
2631 1321 2774 1367 eum
2816 1316 2940 1367 non

685 1404 1127 1486 permittamus
1172 1406 1245 1470 ut
1308 1408 1543 1488 parcat.
1592 1416 1770 1472 'nam
1837 1423 1978 1470 cum
2024 1407 2088 1470 in
2135 1424 2280 1471 eum
2325 1407 2585 1471 -nullum
2642 1423 2938 1487 umquam
2959 1424 3016 1465 ιο

686 1505 1031 1572 iniustitiae
1074 1508 1322 1591 signum
1366 1510 1593 1574 cadere
1628 1512 1741 1573 aut
1783 1526 2077 1592 apparere
2121 1507 2342 1589 possit,
2400 1509 2490 1572 sic
2532 1506 2797 1590 agimuS,
2841 1511 2936 1584 ut,

685 1612 739 1675 si
786 1610 1188 1676 enormitates
1233 1611 1588 1677 nostrorum
1625 1611 1932 1676 scelerum
1963 1628 2085 1675 non
2116 1610 2463 1691 ulciscitur,
2511 1611 2775 1681 iniustus
2807 1628 2938 1675 esse

683 1712 992 1778 uideatur.
1684 1730 1689 1733 ’

579 1837 660 1904 51
768 1831 846 1895 Χ.
915 1831 1032 1898 Sed
1098 1833 1395 1899 uidelicet
1459 1836 1744 1916 peccator
1810 1834 1933 1899 fuit
1979 1835 2312 1918 aliquando
2359 1833 2606 1916 aliquis,
2675 1833 2937 1900 fortasse

684 1937 811 2000 iam
855 1954 980 2000 non
1023 1938 1133 2002 est.
1195 1938 1309 2001 aut
1352 1941 1446 2002 est
1490 1937 1658 2002 ullus
1707 1938 2038 2003 criminum
2081 1939 2303 2002 modus
2350 1938 2414 2001 et
2456 1954 2580 2001 non
2622 1937 2792 2018 prius
2837 1938 3016 2003 estis

683 2040 758 2102 ut
801 2036 878 2102 de
923 2039 1059 2103 uita
1105 2038 1383 2105 homines
1430 2058 1618 2122 quam
1663 2040 1741 2105 de
1786 2039 2119 2122 iniquitate
2165 2039 2530 2106 discedant?
2581 2037 2718 2122 quis
2763 2039 2934 2106 enim

686 2157 806 2206 non
873 2159 1013 2206 cum
1081 2140 1235 2225 ipsis
1301 2141 1749 2225 iniquitatibus
1817 2144 1945 2209 suis
2011 2144 2276 2209 moritur
2328 2147 2391 2208 et
2433 2161 2580 2208 cum
2622 2143 2777 2226 ipsis
2824 2142 2934 2208 ad-

683 2241 938 2310 modum
1007 2245 1192 2329 atque
1238 2245 1303 2310 in
1359 2246 1513 2328 ipsis
1582 2247 1924 2313 sceleribus
1992 2245 2343 2330 sepelitur?
2409 2246 2482 2311 ut
2525 2264 2671 2311 uere
2714 2246 2792 2311 de
2834 2245 2934 2313 his

681 2347 1118 2429 propheticum
1162 2349 1323 2414 illud
1367 2340 1891 2428 rectissime‘dici
1936 2349 2160 2431 possit:
2207 2348 2628 2431 sepulchra
2673 2367 2933 2414 eorum

682 2450 950 2518 domus
1019 2471 1270 2521 eorum
1326 2451 1406 2518 in
1472 2457 1911 2533 aeternum,
1979 2454 2055 2519 et
2114 2449 2551 2537 comparati
2595 2453 2782 2519 sunt
2824 2454 3014 2520 iu-so

679 2555 968 2620 mentis
1038 2557 1630 2640 insipientibus
1703 2559 1776 2622 et
1842 2556 2146 2623 similes
2214 2558 2416 2623 facti
2481 2558 2662 2622 sunt
2726 2556 2931 2622 illis.

678 2661 865 2739 atque
907 2660 1149 2725 utinam
1194 2660 1523 2726 iumentis!
1590 2660 1815 2726 melius
1871 2662 2097 2743 quippe
2142 2661 2349 2727 fuerat
2392 2660 2647 2727 beluina
2688 2661 2930 2744 impru-

681 2760 891 2826 dentia
956 2765 1256 2830 deuiasse.
1331 2764 1493 2828 illud
1559 2763 1736 2847 peius
1784 2766 1846 2829 et
1890 2764 2301 2842 criminosius,
2371 2764 2517 2846 quia
2571 2782 2689 2829 non
2749 2764 2929 2848 igno-

574 2863 660 2930 52
678 2863 887 2928 rantia
918 2864 1016 2929 dei
1049 2866 1158 2931 sed
1191 2863 1583 2948 despectione
1626 2868 1987 2947 peccarunt.
2050 2867 2239 2948 atque
2284 2866 2400 2930 hoc
2445 2866 2739 2930 uidelicet
2784 2865 2929 2931 laici

678 2965 1110 3031 tantummodo
1152 2984 1271 3030 non
1322 2967 1577 3049 quidam
1609 2968 1801 3032 etiam
1836 2968 2219 3047 clericorum,
2266 2967 2615 3033 saeculares
2645 2969 2928 3033 tantu-m-
2948 2984 3006 3028 ss

677 3070 857 3133 modo
904 3086 1025 3133 non
1092 3069 1279 3135 multi
1325 3070 1518 3135 etiam
1581 3063 1880 3153 religiosi,
1948 3071 2141 3136 immo
2194 3070 2312 3137 sub
2359 3073 2565 3154 specie
2609 3072 2928 3155 religionis

676 3170 851 3236 uitiis
942 3173 1364 3238 saecularibus
1449 3173 1834 3258 mancipati:
1923 3173 2031 3257 qui
2104 3172 2345 3239 scilicet
2433 3173 2576 3255 post
2646 3177 2927 3239 ueterum

674 3274 1052 3358 flagitiorum
1084 3275 1314 3359 probra
1344 3280 1408 3341 et
1437 3276 1703 3341 crimina
1733 3276 1920 3342 titulo
1952 3277 2210 3343 sibimet
2241 3276 2593 3348 sanctitatis
2624 3276 2925 3361 inscripto

674 3396 797 3443 non
842 3378 1305 3444 conuersatione
1350 3378 1465 3443 alii
1510 3380 1618 3443 sed
1662 3379 2044 3463 professione
2084 3397 2312 3446 nomen
2357 3381 2608 3445 tantum
2642 3381 2926 3446 demuta-

880 3549 905 3603 1
947 3547 1099 3604 Rom.
1141 3548 1190 3615 2,
1223 3547 1259 3602 4
1466 3548 1531 3604 19
1566 3547 1712 3606 Psal.
1745 3547 1831 3616 48,
1872 3548 1953 3603 12.

773 3704 807 3758 3
843 3706 1025 3758 autem
1060 3719 1160 3758 om.
1211 3703 1266 3758 Β
1430 3719 1525 3759 σοι·
1559 3704 1913 3773 impoenitens
1950 3718 2018 3758 ex
2050 3719 2139 3758 cor
2172 3704 2496 3773 impenitens
2530 3706 2584 3759 A
2609 3720 2758 3761 σοι-ν.
2795 3720 2863 3760 m.
2891 3708 2934 3760 2

672 3789 883 3862 (paulo
918 3794 1048 3858 post
1098 3789 1508 3859 paenitentiam)
1569 3790 1908 3859 inpoenitens
1962 3805 2051 3845 cor
2101 3789 2158 3845 B
2379 3792 2417 3845 4
2469 3793 2738 3860 apostolus
2790 3790 2928 3846 dicit

668 3874 727 3930 B
935 3874 1000 3929 15
1045 3875 1162 3950 aut]
1197 3890 1268 3929 an
1304 3875 1708 3931 Rittershusius
1742 3876 2101 3941 (coniectura
2130 3892 2249 3932 mm
2281 3889 2422 3946 opus
2447 3892 2564 3933 esse
2597 3877 2825 3932 uidam
2859 3877 2928 3933 in

667 3961 942 4016 sententia
973 3961 1207 4017 ironica’
1243 3962 1553 4031 Halmium
1588 3963 1656 4017 de
1678 3965 1775 4017 aut
1794 3983 1866 4009 -—·-
1889 3979 1958 4018 an
1980 3962 2098 4020 uid.
2127 3961 2380 4019 Indicam
2403 3964 2521 4018 ΙΙΙ.
2697 3964 2762 4017 21
2790 3963 2928 4017 facti

669 4062 769 4102 om.
803 4045 860 4101 B
1052 4046 1121 4101 24
1156 4047 1489 4115 despectione
1523 4064 1591 4103 ιω
1624 4047 1762 4117 disp.‘
1812 4049 1866 4102 A
1912 4064 2050 4104 corr.
2085 4065 2156 4104 m.
2192 4051 2233 4105 2
2272 4051 2401 4104 item
2436 4052 2510 4104 36
2552 4050 2832 4118 religiosae
2871 4063 2925 4105 s.

668 4148 730 4187 ae
763 4148 863 4188 scr.
903 4133 925 4187 i
1088 4133 1166 4188 ’28
1199 4132 1364 4202 proba
1397 4149 1438 4187 s.
1475 4149 1508 4187 a
1540 4148 1644 4189 scr-.-
1681 4150 1710 4187 r
1743 4150 1811 4187 m.
1838 4138 1871 4188 1
1905 4136 1961 4188 A
2131 4136 2442 4190 sanctitatis
2477 4133 2697 4188 sibimet
2731 4134 2785 4189 B

666 4217 735 4272 29
770 4218 894 4271 alii·
936 4219 991 4272 A
1198 4218 1514 4274 denotauere
1548 4220 1604 4274 B
