3380 4919
1010 302 1085 355 de
1121 261 1384 371 gubern.
1422 301 1530 356 eei
1571 301 1680 357 v11
1729 308 1758 368 s
1795 301 2018 358 69—75.
2523 305 2648 371 179

391 492 580 556 malis
628 491 741 557 hoc
785 491 920 557 loco
973 508 1172 574 pauca
1229 490 1561 557 dicturum.
1639 491 1791 573 quid
1835 509 1981 571 ergo
2024 491 2416 573 impudicitia
2460 494 2644 573 atque

391 594 745 676 impurita8‚
795 595 869 658 de
901 613 1024 677 qua
1052 595 1288 677 loquor,
1336 593 1644 678 numquid
1672 614 1795 660 non
1828 596 1905 660 ad
1938 596 2317 661 euersionem
2347 594 2646 661 Afrorum

392 699 522 763 sola
590 698 962 762 suffecerat?
1061 716 1219 778 quae
1288 697 1458 762 enim
1525 697 1648 762 fuit
1715 715 1857 781 pars
1926 697 2201 763 ciuitatis
2268 715 2392 761 non
2458 698 2645 779 plena

391 799 692 877 sordibuS‚
763 818 921 881 quae
977 801 1147 865 intra
1202 801 1421 865 urbem
1476 799 1687 882 platea
1746 801 1857 866 aut
1899 800 2127 866 semita
2168 817 2293 865 non
2325 801 2644 884 lupanar?

344 905 544 968 sadeo
591 904 800 969 omnia
840 922 1037 986 paene
1083 905 1366 985 competa
1419 921 1631 977 omnes
1676 903 1812 969 uias
1859 908 1966 970 aut
2011 904 2192 984 quasi
2235 905 2450 969 foueae
2494 903 2642 968 libi-

392 1007 607 1071 dinum
675 1005 1123 1070 interciderant
1190 1009 1300 1070 aut
1367 1008 1541 1088 quasi
1607 1006 1771 1074 retia
1815 1007 2270 1090 praetexebant,
2336 1009 2407 1072 ut
2452 1006 2642 1072 etiam

392 1109 497 1190 qui
545 1108 624 1174 ab
671 1109 790 1174 hac
834 1129 899 1174 re
943 1110 1188 1192 penitus
1245 1109 1652 1175 abhorrerent
1680 1113 1921 1181 tamen
1981 1109 2184 1175 uitare
2227 1110 2332 1174 uix
2376 1109 2641 1191 possent.

389 1213 703 1277 latronum
737 1212 1189 1294 quodammodo
1221 1212 1508 1279 excubias
1542 1212 1783 1278 uideres
1815 1212 2299 1278 commeantium
2330 1211 2644 1276 uiatorum
2667 1211 2749 1277 73

391 1314 587 1396 spolia
655 1317 1008 1396 captanteS‚
1079 1315 1184 1397 qui
1252 1316 1623 1381 insidiarum
1689 1315 2110 1396 frequentium
2177 1315 2486 1381 densitate
2553 1314 2647 1379 ita

327 1437 374 1477 ιο
391 1435 604 1481 omnes
665 1417 999 1482 admodum
1058 1419 1244 1485 calles
1302 1437 1513 1483 omnes
1569 1418 1886 1487 anfractus
1933 1438 2004 1483 ac
2051 1418 2421 1483 diuerticula
2465 1437 2645 1500 saep-

392 1520 638 1598 sissent,
684 1522 757 1584 ut
800 1521 1014 1585 nullus
1060 1521 1254 1609 ferme
1301 1525 1431 1589 tam
1480 1525 1700 1589 cautus
1748 1524 1930 1598 esset,
1978 1521 2085 1603 qui
2127 1537 2252 1585 non
2292 1520 2362 1584 in
2406 1520 2645 1603 aliquos

391 1624 761 1687 insidiarum
809 1624 1060 1706 laqueos
1105 1624 1470 1702 incurreret,
1518 1625 1712 1695 etiam
1757 1626 1865 1708 qui
1895 1645 1961 1691 se
2005 1625 2081 1689 de
2126 1624 2414 1706 plurimis
2462 1643 2646 1706 expe-

394 1725 604 1790 disset.
674 1726 1010 1806 faetebant,
1081 1730 1150 1790 ut
1217 1728 1310 1791 ita
1375 1726 1658 1805 dixerim,
1730 1729 1941 1795 cuncti
2005 1728 2177 1794 urbis
2233 1727 2407 1793 illius
2475 1727 2643 1793 ciues

394 1845 577 1892 caeno
636 1828 939 1910 libidinis,
1004 1848 1301 1913 spurcum
1357 1831 1764 1913 sibimetipsis
1811 1832 2028 1897 mutuo
2073 1830 2502 1912 impudicitiae
2549 1829 2645 1896 ni-

329 1953 375 1994 ιε
393 1931 607 1997 dorem
642 1931 974 1999 inalantes.
1020 1935 1128 1998 sed
1163 1935 1402 2000 horrori
1448 1934 1537 1998 eis
1582 1939 1796 2001 tamen
1840 1934 2096 1999 horrida
2133 1936 2258 1999 ista
2286 1953 2412 2000 non
2444 1935 2644 2015 erant,
2669 1938 2750 2003 74

393 2035 538 2116 quia
598 2035 761 2099 idem
817 2053 1027 2101 omnes
1084 2037 1302 2102 horror
1357 2037 1671 2103 infecerat.
1748 2055 1937 2102 unam
1994 2037 2160 2102 enim
2218 2040 2397 2118 putes
2459 2037 2647 2102 fuisse

392 2137 524 2202 illic
583 2137 917 2203 libidinum
972 2137 1574 2221 fornicationumque
1630 2140 1963 2217 sentinam,
2026 2158 2284 2205 caenum
2344 2140 2518 2221 quasi
2578 2159 2649 2204 ex

393 2240 559 2305 omni
627 2241 977 2322 platearum
1024 2243 1088 2305 et
1132 2243 1476 2307 cloacarum
1543 2241 1682 2308 labe
1752 2242 2101 2306 collectum.
2181 2244 2245 2305 et
2277 2261 2458 2323 ‘quae
2515 2242 2648 2308 illic

393 2363 534 2425 spes
585 2363 717 2409 esse
758 2348 1022 2427 poterat,
1071 2343 1178 2408 ubi
1223 2348 1471 2427 praeter
1513 2344 1599 2421 id¹
1646 2344 1809 2427 quod
1856 2345 1920 2408 in
1951 2343 2190 2408 domini
2221 2345 2457 2425 templo
2490 2348 2642 2421 erat,

324 2467 376 2506 20
390 2446 552 2512 nihil
619 2447 819 2514 uideri
886 2447 1137 2530 penitus
1192 2448 1311 2513 nisi
1368 2447 1687 2513 sordidum
1733 2465 1856 2513 non
1912 2447 2192 2513 licebat?
2266 2465 2642 2531 quamquam

393 2551 538 2632 quid
601 2550 805 2617 dicam
862 2552 926 2617 in
987 2552 1086 2616 dei
1142 2553 1419 2633 templo?
1487 2553 1603 2616 hoc
1647 2550 1875 2635 quippe
1920 2551 2126 2615 totum
2169 2549 2246 2613 ad
2292 2549 2641 2618 sacerdotes

393 2654 640 2719 tantum
699 2657 761 2719 et
820 2655 1056 2719 clerum
1112 2656 1416 2736 pertinet:
1485 2672 1638 2735 quos
1685 2673 1808 2719 non
1854 2653 2139 2731 discutio,
2207 2653 2352 2736 quia
2409 2653 2647 2725 domini

397 2757 520 2822 mei
565 2757 912 2824 ministerio
956 2759 1370 2821 reuerentiam
1400 2775 1598 2841 seruo,
1647 2759 1713 2822 et
1743 2775 1894 2839 quos
1930 2758 2019 2821 ita
2050 2756 2209 2822 solos
2240 2775 2426 2839 puros
2458 2755 2647 2821 fuisse

394 2859 668 2926 arbitror
734 2862 802 2925 in
870 2861 1112 2938 altario,
1184 2861 1346 2925 sicut
1413 2860 1820 2942 pereuntibus
1885 2859 2165 2926 Sodomis
2231 2858 2436 2925 solum
2480 2860 2647 2925 Loth

327 2962 582 3028 assuisse
649 2964 915 3046 legimus
973 2964 1039 3028 in
1101 2965 1329 3030 monte.
1406 2967 1678 3028 ceterum
1728 2965 2034 3046 quantum
2079 2964 2154 3028 ad
2210 2962 2458 3046 plebem
2503 2982 2645 3045 per·
2669 2965 2750 3033 75

497 3198 530 3251 2
566 3198 755 3267 loquar
789 3214 829 3252 s.
869 3215 900 3251 a
936 3214 1035 3253 scr.
1073 3214 1102 3252 o
1138 3215 1204 3252 m.
1240 3204 1273 3252 1
1306 3199 1361 3252 A
1568 3199 1636 3253 ad
1670 3200 1727 3253 B
1762 3216 1803 3254 s,
1832 3202 1867 3255 l.
2076 3201 2373 3254 uer-sionem
2408 3217 2575 3269 super
2611 3219 2646 3254 u

395 3283 521 3337 add.
559 3299 588 3337 e
621 3301 690 3339 m.
715 3288 754 3339 2
789 3286 841 3338 A
1051 3286 1084 3339 3
1121 3285 1399 3339 suffecerat
1435 3301 1504 3340 ex
1541 3286 1711 3340 suffic.
1745 3289 1800 3340 A
1836 3302 1975 3341 corr.
2001 3281 2069 3341 in.
2095 3290 2130 3339 2
2163 3281 2292 3341 item
2324 3288 2493 3354 paulo
2520 3293 2649 3355 post

395 3368 620 3438 lupanar
657 3386 725 3424 ex
759 3370 976 3439 lupinar
1152 3373 1184 3425 5
1224 3370 1455 3439 compita
1490 3376 1540 3425 ct
1575 3374 1817 3441 competa
1852 3373 2049 3427 iterum
2082 3373 2194 3427 AB
2217 3379 2476 3440 utsupra
2497 3380 2546 3437 ἕ.
2573 3378 2647 3429 68

391 3459 754 3524 competarum
936 3459 968 3511 6
995 3458 1373 3512 interciderant
1399 3473 1469 3512 ex
1494 3458 1771 3512 -cederant
1794 3459 1851 3512 A
1874 3474 2015 3513 corr.
2039 3474 2109 3511 m.
2135 3462 2195 3523 13
2232 3458 2303 3524 cf.
2333 3458 2424 3512 VI
2440 3462 2512 3513 14

395 3541 424 3595 7
473 3541 683 3610 possint
729 3542 785 3595 A
993 3544 1058 3597 10
1103 3544 1408 3597 ammodum
1456 3545 1511 3602 A
1719 3544 1986 3608 anfractos
2021 3559 2189 3611 super
2224 3558 2254 3595 o
2289 3559 2408 3597 scr..
2431 3560 2467 3596 u
2502 3561 2568 3598 m.
2609 3548 2648 3599 2

394 3630 473 3694 A,
531 3628 675 3682 idem
722 3632 907 3684 statim
952 3631 1274 3685 deuertioola
1313 3647 1353 3684 s.
1391 3647 1421 3684 o
1455 3647 1558 3685 scr.
1595 3649 1630 3684 u
1841 3631 1906 3685 12
1954 3631 2240 3699 expetisset
2283 3646 2451 3699 super
2485 3632 2511 3683 t
2544 3647 2647 3692 scr.

393 3729 464 3766 m.
496 3717 535 3768 2
573 3714 606 3768 d
642 3715 697 3768 A
896 3717 959 3771 13
995 3717 1259 3771 fa&ebant
1294 3718 1376 3771 A:
1435 3716 1707 3771 foetebant
1741 3717 1795 3770 B
1991 3716 2139 3770 ancti
2171 3731 2343 3784 super
2377 3733 2409 3771 a
2444 3733 2545 3771 scr.
2583 3734 2648 3773 cu

393 3816 460 3852 m.
497 3803 534 3855 2
567 3801 652 3865 A,
705 3800 849 3855 idem
885 3806 952 3857 15
987 3804 1216 3869 nitorem
1253 3819 1295 3858 s,
1331 3820 1433 3858 scr.
1470 3803 1504 3856 d
1542 3809 1594 3858 et
1629 3802 1897 3856 inalantes
1932 3818 1973 3856 s.
2009 3818 2111 3857 scr.
2153 3802 2189 3856 h
2373 3803 2438 3856 15
2472 3819 2649 3858 ori-ore

392 3899 562 3953 super
597 3901 627 3938 o
663 3886 770 3940 init
803 3902 906 3941 scr.
945 3886 982 3939 h
1018 3904 1087 3943 m.
1123 3891 1163 3942 2
1197 3890 1253 3943 A
1461 3890 1526 3943 16
1573 3904 1751 3942 omnes
1790 3904 1858 3942 ex
1893 3887 2065 3941 omnis
2100 3887 2156 3940 A
2193 3904 2331 3942 corr.
2369 3905 2437 3942 m.
2472 3891 2512 3944 2
2624 3944 2630 3950 ,

394 3970 462 4023 20
498 3987 604 4025 non
632 3977 752 4038 (om.
781 3974 854 4041 B)
881 3974 1078 4029 licebat
1113 3975 1168 4028 A
1201 3974 1354 4040 ‘fort.
1379 3981 1522 4031 recte
1547 3991 1690 4029 more
1720 3974 2071 4039 Graecorum,
2107 3974 2176 4041 cf.
2200 3974 2464 4043 Roenseh,
2493 3975 2653 4030 Itala

396 4072 449 4108 u.
499 4056 738 4128 Vulqata
782 4074 837 4127 p.
874 4061 999 4115 446‘
1046 4061 1339 4127 Halmium,-
1393 4067 1536 4116 recte
1556 4121 1560 4126 ,
1582 4062 1780 4129 opinor
1826 4076 1925 4115 nec
1971 4060 2212 4128 recipere
2254 4060 2512 4115 dubitaui

395 4156 556 4209 quem
593 4159 775 4213 quam:
823 4146 963 4212 Quid
999 4148 1118 4215 (sic)
1156 4149 1210 4203 A
1413 4148 1482 4203 22
1517 4149 1732 4201 tantum
1767 4162 1936 4215 super
1969 4163 2037 4199 an
2071 4161 2174 4201 scr.
2211 4162 2241 4199 o
2277 4163 2345 4202 m.
2382 4149 2422 4201 2
2459 4148 2513 4201 A

395 4228 465 4281 24
501 4228 729 4285 arbitror
764 4230 926 4285 fuisse
960 4232 1016 4285 B
1224 4233 1292 4287 25
1329 4233 1386 4286 in
1421 4237 1601 4287 monte
1637 4232 1868 4301 legimus
1906 4232 1960 4286 B

2337 4335 2444 4389 12*
