3380 4919
1145 347 1219 400 de
1255 347 1530 414 gubern.
1568 347 1671 400 dei
1718 346 1808 401 III
1846 352 1876 411 ξ
1914 346 2064 399 2-6.
2648 350 2731 416 43

481 539 894 622 adprobamus
942 537 1105 621 quod
1149 537 1334 621 regit,
1383 537 1527 620 quia
1582 555 1646 601 se
1692 555 1904 620 regere
1948 536 2248 601 testatur:
2296 554 2435 600 cum
2473 537 2737 620 legimus

477 643 639 726 quod
685 641 996 724 praesenti
1055 640 1284 705 iudicio
1346 640 1639 705 uniuersa
1710 640 2060 722 dispenset,
2123 639 2238 704 hoc
2292 640 2425 721 ipso
2483 641 2735 706 euidens

481 749 577 813 est
622 746 786 829 quo‘d
833 745 1082 823 iudicat,
1131 745 1277 827 quia
1320 763 1386 808 se
1430 744 1702 809 iudicare
1735 744 2081 808 confirmat.
2128 743 2255 807 alia
2295 745 2460 809 enim
2507 744 2733 824 omnia,

475 851 540 916 id
590 853 682 914 est
730 850 1005 914 humana
1049 849 1231 923 dicta,
1282 847 1667 930 argumentis
1714 863 1786 911 ac
1825 846 2094 911 testibus
2126 847 2339 928 egent:
2389 849 2485 911 dei
2524 851 2737 912 autem

434 970 677 1017 ssermo
723 953 856 1033 ipse
905 954 1021 1017 sibi
1056 951 1237 1016 testis
1271 952 1379 1029 est,
1429 952 1576 1032 quia
1617 967 1862 1014 necesse
1895 953 2009 1026 est,
2057 949 2351 1031 quicquid
2383 950 2736 1032 incorrupta

472 1056 702 1120 ueritas
759 1054 1063 1138 loquitur,
1125 1055 1554 1136 incorruptum
1611 1053 1697 1117 sit
1753 1054 2183 1117 testimonium
2241 1054 2549 1117 ueritatis.
2626 1050 2794 1117 sed5

473 1161 684 1223 tamen
741 1176 882 1222 cnm
937 1178 1047 1242 per
1100 1159 1441 1242 scripturas
1506 1174 1711 1222 sacras
1771 1155 1929 1222 scire
1985 1174 2094 1221 nos
2158 1157 2334 1239 quasi
2381 1160 2454 1222 de
2511 1173 2732 1220 arcano

475 1262 666 1327 animi
735 1280 806 1327 ac
870 1265 1096 1327 mentis
1156 1281 1304 1327 suae
1365 1264 1665 1344 quaedam
1723 1262 1994 1325 uoluerit
2053 1261 2203 1326 deus
2270 1260 2515 1339 noster,
2585 1258 2734 1341 quia

470 1366 679 1448 ipsum
727 1366 1176 1447 quodammodo
1222 1366 1570 1448 scripturae
1617 1383 1830 1429 sacrae
1875 1365 2191 1429 oraculum
2250 1364 2348 1430 dei
2394 1382 2568 1429 mens
2613 1364 2729 1440 est,

403 1491 453 1530 ιο
471 1467 767 1550 quicquid
813 1469 915 1532 uel
960 1469 1214 1551 agnosci
1272 1487 1381 1550 per
1438 1487 1577 1533 suos
1622 1468 1726 1533 uel
1772 1468 2120 1550 praedicari
2165 1467 2315 1531 deus
2360 1468 2566 1531 uoluit
2608 1484 2732 1531 non

469 1571 705 1636 tacebo,
770 1590 963 1635 unum
1012 1571 1300 1654 quamuis
1346 1571 1518 1655 prius
1567 1590 1752 1653 quam
1797 1570 1967 1652 loqui
2014 1571 2220 1634 ordiar
2264 1573 2418 1635 scire
2463 1573 2727 1652 cupiam,

469 1692 608 1738 cum
655 1673 1029 1739 Christianis
1075 1674 1234 1737 mihi
1280 1674 1658 1756 loquendum
1707 1692 1783 1737 an
1831 1693 1972 1737 cum
2014 1674 2272 1755 paganis
2317 1675 2419 1738 sit.
2468 1672 2522 1736 si
2563 1674 2729 1736 enim

469 1797 611 1842 cum
658 1776 1062 1855 ChristianiS,
1122 1777 1524 1858 probaturum
1585 1795 1684 1840 me
1749 1777 1910 1858 quod
1971 1793 2087 1859 ago
2135 1794 2266 1840 esse
2313 1794 2436 1840 non
2482 1776 2725 1853 dubito;

465 1883 520 1944 si
565 1884 778 1944 autem
824 1897 965 1944 cum
1011 1880 1303 1963 paganiS,
1351 1880 1610 1962 probare
1659 1881 2088 1958 contemnam,
2152 1896 2275 1942 non
2318 1881 2464 1961 quia
2506 1882 2727 1960 proba-

396 2004 446 2044 15
466 1983 633 2047 tione
677 1982 946 2065 deficiar,
994 1986 1102 2047 sed
1149 1983 1298 2066 quia
1342 1982 1737 2064 profuturum
1784 1982 1948 2063 quod
1993 1984 2208 2065 loquor
2262 2000 2394 2046 esse
2438 1984 2724 2064 despero;

463 2084 884 2150 infructuosus
931 2085 1158 2168 quippe
1203 2088 1299 2148 est
1339 2086 1403 2149 et
1449 2084 1656 2149 inanis
1717 2083 1927 2162 labor,
1987 2085 2098 2149 ubi
2141 2102 2261 2149 non
2308 2084 2529 2165 recipit
2583 2102 2725 2167 pro-

462 2186 779 2252 bationem
824 2205 1053 2268 prauus
1102 2189 1363 2256 auditor.
1412 2190 1520 2253 sed
1565 2192 1784 2253 tamen
1830 2190 1975 2272 quia
2006 2209 2138 2254 esse
2183 2190 2428 2255 nullum
2475 2189 2723 2254 omnino

461 2288 730 2353 arbitror
774 2289 1118 2356 Christiani
1164 2293 1430 2355 nominis
1476 2292 1813 2371 hominem,
1863 2294 1968 2374 qui
2013 2310 2133 2357 non
2161 2303 2246 2356 ‘se
2291 2292 2725 2358 Christianum

461 2391 663 2455 uideri
719 2392 908 2471 uelit,
973 2411 1083 2478 ego
1131 2413 1273 2458 cum
1322 2393 1673 2461 Christiano
1720 2412 1920 2478 agam.
2013 2398 2295 2479 quamuis
2356 2399 2521 2461 enim
2553 2394 2722 2478 'quis

390 2495 691 2577 2oimpiae
748 2515 817 2559 ac
873 2496 1213 2579 paganicae
1271 2497 1661 2563 infidelitatis
1730 2498 1845 2576 sit,
1915 2500 2072 2564 mihi
2141 2503 2347 2565 tamen
2408 2500 2565 2564 satis
2623 2501 2722 2565 est

461 2596 812 2663 Christiano
857 2598 1110 2680 probari
1155 2601 1318 2682 quod
1364 2601 1517 2665 dico.

543 2735 629 2799 ΙΙ.
680 2735 969 2802 Causaris
1001 2738 1216 2821 igitur,
1264 2739 1415 2821 quid
1446 2740 1531 2805 sit
1562 2740 1753 2819 istud,
1801 2742 1963 2824 quod
1998 2741 2358 2821 Christiani,
2393 2743 2498 2825 qui
2531 2746 2715 2808 deum
2738 2740 2779 2805 6

459 2839 805 2919 credimUS,
865 2842 1209 2906 miseriores
1259 2842 1546 2908 omnibus
1592 2862 1825 2909 sumus.
1916 2845 2197 2910 sufficere
2254 2847 2506 2928 quidem
2562 2847 2718 2911 mihi

460 2943 538 3006 ad
584 2945 1084 3025 respondendum
1129 2946 1244 3011 hoc
1289 2947 1424 3011 loco
1457 2949 1724 3029 poterat,
1775 2953 1934 3030 quod
1964 2951 2281 3030 apostolus
2315 2952 2392 3015 ad
2425 2949 2717 3014 ecclesias

387 3045 644 3109 ssdixit:
689 3065 907 3112 nemo
967 3052 1374 3114 moueatur
1419 3048 1500 3112 in
1546 3049 2265 3130 tribulationibus3
2313 3053 2467 3134 ipsi
2513 3052 2716 3117 enim

457 3146 695 3212 scitis
742 3148 1114 3231 quoniam
1177 3151 1250 3215 in
1296 3150 1440 3216 hoc
1496 3153 1747 3234 positi
1791 3173 2078 3219 sumus,
2172 3157 2234 3219 et
2280 3157 2416 3219 ideo
2462 3175 2602 3219 cum
2648 3158 2713 3221 in

456 3249 571 3315 hoc
615 3252 846 3334 positos
906 3271 1014 3318 nos
1064 3272 1194 3318 esse
1240 3273 1276 3319 a
1322 3257 1432 3319 deo
1494 3257 1812 3337 apostolus
1876 3259 2071 3336 dicat,
2137 3263 2209 3323 ut
2270 3278 2596 3323 aerumnas
2642 3262 2713 3322 ut

456 3354 742 3418 miserias
802 3356 873 3419 ut
942 3356 1235 3422 tristitias
1294 3357 1714 3440 perferamuS,
1775 3363 1920 3442 quid
1982 3363 2214 3427 mirum
2260 3367 2383 3441 est,
2450 3364 2502 3426 si
2548 3363 2713 3427 mala

456 3460 681 3521 cuncta
725 3459 1117 3541 perferimus,
1165 3460 1273 3542 qui
1318 3461 1395 3525 ad
1429 3462 1751 3527 toleranda
1784 3464 2045 3529 aduersa
2075 3468 2280 3530 omnia
2309 3465 2658 3530 militamus
2680 3470 2710 3530 ‘i'

653 3660 721 3714 25
772 3661 800 3714 Ι
837 3661 1021 3717 Thess.
1063 3662 1111 3728 3,
1151 3663 1184 3716 3

556 3848 585 3900 1
625 3849 944 3917 aprobamus
980 3851 1036 3905 Β
1247 3852 1276 3904 7
1314 3852 1450 3906 scire
1473 3870 1568 3907 nos
1595 3855 1750 3923 quasi
1771 3872 1867 3910 nos
1892 3856 1956 3909 de
1980 3873 2079 3910 nos
2107 3857 2335 3912 archano
2362 3861 2478 3929 (sic)
2517 3861 2572 3914 Β

448 3949 641 3989 arcano
677 3950 718 3990 s,
755 3951 859 3990 scr.
895 3935 931 3988 h
970 3937 1050 3991 lit.
1086 3954 1155 3991 m.
1193 3955 1298 3993 rec.
1336 3941 1392 3994 A
1600 3942 1667 3995 14
1713 3942 1923 4011 probari
1959 3948 2328 4012 contempnam
2370 3946 2424 4000 A
2482 3948 2708 4016 probare

447 4022 763 4090 contempno
790 4022 846 4076 Β
1021 4024 1087 4078 14
1112 4024 1325 4079 deficiat
1350 4027 1661 4095 probatione
1685 4028 1740 4081 Β
1763 4046 1827 4083 m.
1856 4033 1888 4082 1
1933 4046 2040 4084 non
2066 4031 2283 4085 deficiar
2309 4033 2365 4086 in
2390 4033 2703 4100 probatione

444 4104 502 4159 Β
540 4121 676 4163 corr.
885 4108 948 4161 17
1001 4110 1130 4177 quia
1178 4111 1359 4164 tamen
1411 4114 1467 4166 A
1511 4112 1608 4168 sed
1643 4115 1862 4169 adiecta
1898 4122 2027 4171 sunt
2062 4118 2507 4186 transpositionis
2541 4121 2705 4189 siyna

446 4206 514 4243 m.
552 4194 585 4243 1
793 4193 858 4247 19
893 4194 1054 4248 uell&
1088 4196 1144 4249 A
1349 4198 1413 4253 21
1453 4215 1484 4253 a
1507 4200 1819 4256 Christiano
1856 4202 1911 4255 Β
2115 4202 2183 4258 23
2219 4205 2466 4258 omnibus
2491 4206 2702 4260 miseri-

446 4290 565 4329 ores
602 4278 657 4331 Β
835 4280 905 4335 25
939 4280 1312 4336 tribulationis
1348 4284 1400 4337 Β
1582 4286 1647 4340 27
1685 4303 1781 4341 nos
1819 4304 1920 4345 om.
1957 4289 2013 4342 A
2184 4306 2217 4343 a
2241 4290 2335 4344 deo
2374 4304 2472 4345 om.
2513 4291 2568 4345 Β
