3380 4919
698 309 824 373 222
1668 304 1984 358 Saluiani

700 497 1112 571 salubritatiS‚
1160 499 1402 562 minora
1448 498 1712 563 forsitan
1755 497 1976 562 fierent
2005 515 2112 579 per
2143 515 2365 562 nomen
2398 495 2688 560 auctoris
2753 494 2943 560 habet

696 602 905 681 itaque
952 601 1226 682 quisquis
1272 600 1382 665 ille
1427 605 1542 677 est,
1602 601 1711 682 qui
1754 600 2037 683 requirit,
2083 618 2193 664 cur
2239 599 2516 663 alienum
2560 615 2785 663 nomen
2829 598 2940 662 ad-

594 706 673 770 17
694 708 978 785 sumpsit.
1054 705 1250 768 restat
1313 703 1515 768 dicere
1583 722 1694 767 cur
1752 703 2086 768 Timothei.
2166 705 2324 784 quod
2386 704 2458 765 ut
2504 703 2803 776 dicamuS‚
2864 702 2942 767 ad

695 810 1013 872 auctorem
1059 808 1257 871 denuo
1303 807 1611 871 reuersuri
1670 825 1905 871 sumus,
1981 809 2032 870 is
2079 807 2246 870 enim
2292 824 2615 871 causarum
2661 805 2944 869 omnium

696 928 880 975 causa
946 911 1071 974 est:
1139 910 1248 990 qui
1313 910 1473 974 sicut
1541 909 1889 974 humilitati
1953 909 2273 990 praestitit
2340 913 2410 973 ut
2480 910 2783 986 alienum,
2851 910 2942 973 sic
2988 928 3016 968 5

696 1012 908 1078 timori
952 1016 1138 1094 atque
1184 1012 1486 1078 cautellae
1532 1015 1603 1076 ut
1648 1012 1960 1077 Timothei
2003 1031 2230 1078 nomen
2289 1012 2603 1077 scriberet.
2679 1010 2944 1093 pauidus

698 1116 921 1198 quippe
988 1116 1084 1179 est
1150 1118 1215 1181 et
1284 1116 1716 1181 formidolosus
1779 1134 1853 1180 ac
1917 1134 2380 1197 nonnumquam
2449 1117 2642 1182 etiam
2707 1116 2944 1180 leuium

698 1218 1155 1283 mendaciorum
1225 1220 1409 1299 fugax
1475 1221 1660 1300 atque
1727 1220 1793 1282 in
1851 1224 2099 1285 tantum
2167 1239 2421 1301 peccare
2488 1224 2802 1295 metuens,
2873 1222 2944 1282 ut

597 1321 1011 1389 18interdum
1056 1324 1120 1385 et
1166 1338 1286 1384 non
1342 1322 1618 1386 timenda
1678 1323 1989 1388 formidet.
2069 1341 2210 1387 cum
2258 1340 2400 1404 ergo
2456 1322 2826 1387 subtrahere
2874 1339 2947 1384 ex

699 1426 883 1490 titulo
941 1442 1162 1490 nomen
1219 1445 1400 1490 suum
1446 1430 1507 1490 et
1554 1426 1822 1490 inserere
1870 1427 2063 1491 uellet
2104 1429 2404 1510 alienum,
2464 1427 2676 1490 timuit
2719 1425 2786 1489 in
2829 1424 2946 1488 hac
2965 1447 3017 1486 10

697 1528 1022 1593 nominum
1082 1529 1565 1594 commutatione
1621 1530 2038 1611 mendacium,
2100 1548 2486 1611 nequaquam
2545 1528 2788 1592 scilicet
2832 1527 2945 1591 ad-

697 1630 1075 1696 mittendam
1138 1634 1365 1714 putans
1434 1633 1625 1697 etiam
1693 1636 1754 1697 in
1826 1633 2029 1697 officio
2096 1632 2298 1698 sancti
2364 1630 2564 1714 operis
2636 1629 2945 1694 maculam

700 1733 1014 1799 falsitatis.
1092 1735 1324 1817 positus
1393 1737 1599 1816 itaque
1658 1735 1725 1798 in
1782 1736 1897 1801 hoc
1954 1736 2284 1817 ambiguae
2342 1733 2650 1814 opinionis
2709 1732 2945 1796 incerto

699 1837 1010 1918 optimum
1075 1837 1204 1902 fore
1274 1838 1551 1914 credidit,
1618 1843 1689 1902 ut
1744 1838 1909 1903 beati
1969 1840 2387 1920 euangelistae
2451 1836 2945 1902 sacratissimum

699 1943 1058 2020 sequeretur
1124 1942 1490 2023 exemplum,
1560 1942 1669 2022 qui
1724 1943 1786 2005 in
1844 1945 2105 2023 utroque
2172 1939 2368 2006 diuini
2435 1942 2632 2021 operis
2699 1936 2945 2003 exordio
2966 1957 3017 1999 15

700 2040 1023 2123 Theophili
1067 2061 1290 2107 nomen
1330 2043 1690 2119 inscribens
1739 2062 1883 2109 cum
1913 2046 1990 2108 ad
2037 2045 2356 2109 hominem
2385 2044 2703 2127 scripsisse
2733 2042 2946 2106 uidea-

698 2150 821 2229 tur,
879 2145 957 2209 ad
1004 2164 1277 2210 amorem
1334 2147 1434 2211 dei
1488 2147 1755 2228 scripsit,
1826 2146 1940 2212 hoc
2009 2148 2253 2212 scilicet
2317 2146 2756 2230 dignissimum
2815 2162 2946 2208 esse

699 2248 1010 2329 indicam,
1071 2249 1143 2312 ut
1187 2250 1264 2314 ad
1324 2249 1529 2330 ipsum
1589 2249 1881 2315 affectum
1929 2251 2030 2315 dei
2077 2253 2313 2332 scripta
2356 2251 2686 2332 dirigeret,
2747 2267 2784 2312 a
2828 2263 2947 2329 quo

599 2354 778 2422 19ad
823 2352 1219 2417 scribendum
1266 2352 1552 2436 inpulsus
1597 2355 1775 2418 esset.
1840 2354 1952 2418 hoc
1983 2373 2125 2438 ergo
2159 2356 2352 2419 etiam
2398 2355 2659 2434 scriptor
2702 2351 2822 2429 hic,
2871 2351 2946 2415 de

698 2473 819 2539 quo
874 2455 1207 2537 loquimur,
1276 2476 1427 2523 usus
1499 2457 1595 2521 est
1649 2447 2015 2540 argumento
2076 2463 2261 2542 atque
2320 2456 2596 2523 consilio,
2672 2454 3018 2521 consciusno

701 2559 868 2622 enim
927 2561 1044 2624 sibi
1090 2562 1180 2623 sic
1224 2578 1289 2623 se
1334 2561 1543 2625 omnia
1586 2561 1654 2626 in
1697 2560 1951 2644 scriptis
2010 2561 2137 2626 suis
2183 2581 2292 2643 pro
2340 2561 2438 2626 dei
2495 2560 2724 2625 honore
2782 2558 2948 2622 sicut

698 2662 881 2726 illum
927 2679 1036 2743 pro
1083 2662 1181 2725 dei
1225 2681 1431 2728 amore
1490 2663 1740 2741 fecisse,
1804 2682 1928 2746 qua
1975 2664 2218 2728 ratione
2261 2664 2372 2728 ille
2418 2662 2775 2745 Theophili,
2834 2664 2947 2726 hac

700 2766 892 2829 etiam
948 2765 1052 2830 hic
1107 2765 1418 2830 Timothei
1485 2785 1708 2830 nomen
1763 2767 2114 2848 inscripsit3
2185 2785 2332 2830 nam
2394 2767 2556 2832 sicut
2615 2764 2948 2846 Theophili

700 2867 1001 2932 uocabulo
1045 2886 1219 2932 amor
1263 2868 1351 2932 sic
1382 2868 1698 2934 Timothei
1742 2869 1938 2935 honor
1983 2870 2335 2936 diuinitatis
2380 2870 2761 2951 exprimitur.
2825 2868 2947 2931 ita-

702 2990 819 3053 que
864 2990 1006 3034 cum
1050 2969 1209 3053 legis
1241 2971 1642 3037 Timotheum
1685 2974 1764 3037 ad
1808 2973 2131 3039 ecclesiam
2163 2974 2504 3055 scripsisse,
2551 2973 2663 3036 hoc
2693 2969 3016 3036 intelle-25

703 3092 846 3155 gere
893 3073 1098 3149 debes,
1145 3090 1256 3156 pro
1300 3074 1527 3139 honore
1571 3074 1670 3139 dei
1716 3074 1794 3139 ad
1839 3075 2170 3140 ecclesiam
2215 3075 2516 3156 scriptum
2561 3092 2710 3154 esse,
2754 3073 2947 3137 immo

701 3178 909 3260 potius
976 3176 1180 3258 ipsum
1246 3177 1539 3242 honorem
1607 3178 1707 3241 dei
1775 3179 2006 3259 scripta
2069 3178 2333 3242 misisse.
2400 3179 2545 3257 quia
2599 3177 2761 3242 recte
2817 3175 2950 3256 ipse

910 3408 975 3462 14
1011 3408 1135 3462 Luc.
1176 3410 1222 3473 1,
1258 3409 1293 3460 3
1398 3410 1514 3461 Act.
1556 3409 1602 3471 1,
1640 3411 1670 3461 1

809 3623 844 3675 2
890 3625 1226 3692 assumptum
1274 3621 1361 3688 (ad
1407 3637 1448 3676 s.
1483 3623 1544 3688 Ρ)
1593 3621 1668 3673 sit
1716 3637 1783 3674 ex
1827 3621 2117 3687 assumpsit
2167 3621 2221 3674 Β
2265 3635 2404 3674 corr.
2451 3637 2520 3677 m.
2555 3623 2618 3686 2,
2674 3623 2726 3672 et
2763 3634 2809 3686 Ρ
2864 3618 2954 3673 ad-

705 3710 992 3778 sumpserit
1027 3709 1287 3763 Halmius
1489 3708 1525 3761 4
1571 3707 1636 3776 is]
1675 3706 1760 3760 his
1807 3707 1862 3759 Β
2068 3706 2101 3759 6
2137 3706 2368 3759 cautella
2405 3706 2459 3759 Β
2510 3705 2744 3761 cautelae
2771 3722 2815 3772 Ρ

705 3794 958 3848 scriberet
992 3795 1124 3863 ΒΡ,
1182 3794 1332 3859 ‘fort.
1369 3788 1694 3847 inscriberet’
1735 3794 2024 3859 Halmius;
2080 3792 2153 3859 cf.
2189 3798 2240 3856 ἕ.
2278 3797 2359 3846 19.
2394 3796 2468 3845 20
2671 3792 2706 3845 8
2741 3790 2954 3845 menda-

704 3883 899 3935 tiorem
953 3882 1008 3934 Β
1214 3884 1248 3934 9
1300 3897 1356 3935 e*
1400 3881 1565 3934 titulo
1612 3882 1708 3948 (cf.
1744 3886 1792 3944 ἕ.
1830 3883 1921 3947 14)
1967 3880 2022 3933 Β
2081 3882 2137 3932 et
2184 3880 2347 3932 titulo
2397 3895 2441 3947 Ρ
2646 3877 2713 3931 10
2763 3878 2953 3931 timuit

704 3966 1006 4021 Baluzius:
1043 3967 1290 4021 timothei
1318 3967 1420 4034 ΒΡ
1592 3967 1652 4021 11
1694 3967 2108 4020 commutacione
2144 3982 2213 4019 ex
2250 3982 2403 4018 -num
2443 3966 2497 4019 Β
2520 3979 2662 4019 corr.
2685 3980 2754 4017 m.
2779 3966 2820 4016 2

709 4051 774 4104 14
808 4050 920 4104 fore
956 4068 1023 4106 eoe
1058 4052 1203 4105 fuere
1237 4051 1294 4104 Β
1329 4067 1468 4106 corr.
1503 4069 1573 4107 m.
1608 4056 1644 4106 2
1838 4051 2240 4119 euuangelistae
2276 4052 2331 4103 Β
2539 4050 2603 4102 16
2640 4048 2849 4102 theofili
2886 4049 2954 4113 Β,

707 4142 768 4191 ut
809 4143 857 4201 §-
895 4141 961 4190 19
1164 4138 1228 4192 21
1287 4138 1692 4192 sicut—amore
1744 4153 1841 4191 om.
1895 4153 1936 4204 Ρ
2137 4137 2206 4189 23
2260 4152 2449 4189 nomen
2504 4134 2779 4203 inscripsit
2833 4134 2949 4189 Jul.

706 4225 927 4293 Meyer:
989 4224 1223 4277 nominis
1261 4225 1373 4291 (-ne
1401 4227 1469 4291 Ρ)
1505 4223 1720 4292 scripsit
1753 4223 1857 4290 ΒΡ
2060 4224 2131 4276 25
2166 4223 2422 4291 intellege
2457 4223 2511 4276 Β
