3380 4919
1134 301 1209 356 de
1244 302 1514 371 gubern.
1552 301 1660 356 dei
1695 301 1836 357 VIII
1871 306 1901 369 ξ
1941 303 2158 358 19-25,
2662 307 2783 374 199

514 489 754 557 inscius
812 509 1022 556 rerum
1080 490 1216 556 fieri
1275 493 1533 575 uideret,
1596 511 1718 559 non
1773 493 2045 576 aliquem
2090 494 2405 565 hominem
2451 495 2777 579 ludificari,

514 596 627 659 sed
685 612 919 660 nouum
978 592 1457 675 inauditumque
1513 596 1865 661 monstrum
1922 597 2093 679 abigi
2148 602 2336 680 atque
2381 601 2777 666 exterminari

514 695 949 762 arbitraretur.

606 817 683 881 V.
770 817 924 883 Ecce
998 818 1298 883 Afrorum
1376 821 1438 884 et
1513 820 1841 903 praecipue
1914 818 2495 906 Carthaginensium
2569 821 2882 889 fidem.23

465 919 722 987 stutius
800 923 1110 1002 quondam
1188 923 1485 1005 apostolis
1560 940 1833 1006 paganas
1889 926 2074 991 urbes
2147 923 2333 989 licuit
2388 924 2642 1007 intrare,
2715 929 2776 991 et

518 1022 795 1105 primum
841 1024 1050 1090 minus
1097 1044 1310 1091 eorum
1355 1026 1699 1092 aduentum
1745 1027 1930 1110 atque
1963 1029 2358 1115 conspectum
2401 1027 2517 1093 feri
2561 1028 2659 1093 illi
2705 1047 2776 1094 ac

518 1126 765 1192 barbari
811 1127 1253 1210 sacrilegorum
1299 1131 1509 1193 coetus
1557 1129 2050 1197 detestabantur.
2121 1136 2407 1196 sanctum
2455 1131 2776 1197 electionis

517 1248 652 1323 uas,
697 1231 965 1325 Paulum
1010 1231 1383 1314 apostolum,
1422 1232 1520 1325 'de
1578 1233 1761 1298 unius
1819 1235 1915 1299 dei
1964 1234 2138 1299 cultu
2184 1253 2258 1300 ac
2303 1236 2634 1301 maiestate
2681 1234 2778 1299 di-

521 1337 764 1399 centem
798 1322 1445 1417 superstitiosissimus
1490 1320 1639 1401 l'icet
1672 1336 2150 1403 Atheniensium
2180 1339 2443 1421 populus
2473 1338 2779 1421 patienter

442 1461 501 1502 ιο
519 1438 782 1517 audiuit,
857 1439 1150 1521 Lycaonii
1226 1441 1439 1504 autem
1511 1441 1575 1505 in
1642 1443 1893 1504 tantum
1960 1441 2024 1505 et
2090 1440 2383 1506 admirati
2448 1445 2616 1518 sunt,
2684 1445 2776 1519 ut,

518 1542 769 1607 cumin
834 1541 1132 1624 apostolis
1193 1541 1441 1607 diuinas
1505 1541 1775 1608 uirtutes
1834 1544 2034 1608 inesse
2090 1548 2431 1628 cernerent,
2497 1564 2627 1610 esse
2675 1562 2775 1609 eos

516 1642 802 1708 homines
861 1662 984 1708 non
1040 1646 1351 1727 putarent.
1429 1645 1598 1710 intra
1656 1644 2107 1728 Carthaginem
2165 1666 2312 1713 uero
2370 1666 2663 1731 apparere
2710 1647 2776 1712 in

516 1746 738 1828 plateis
785 1747 847 1812 et
893 1747 1194 1829 competis
1226 1746 1325 1813 dei
1356 1766 1565 1813 seruos
1596 1748 1734 1812 sine
1765 1751 2139 1816 contumelia
2167 1751 2355 1832 atque
2387 1751 2774 1815 execratione

516 1847 623 1913 uix
666 1849 867 1915 licuit.
946 1850 1434 1932 persecutionem
1480 1851 1594 1917 hoc
1638 1851 1891 1933 quidam
1937 1850 2132 1917 fuisse
2171 1871 2293 1918 non
2337 1856 2585 1935 putant,
2634 1852 2778 1936 quia
2799 1856 2883 1921 24

438 1978 496 2017 ιε
515 1971 639 2017 non
686 1954 749 2017 et
792 1952 975 2018 occisi
1021 1956 1190 2019 sunt.
1258 1954 1537 2020 latrones
1585 1954 1836 2036 quidem
1881 1956 1995 2021 hoc
2039 1956 2365 2039 prouerbio
2411 1957 2508 2022 uti
2554 1956 2777 2035 solent,

514 2059 589 2121 ut
634 2055 858 2138 quibus
905 2074 1028 2121 non
1074 2057 1369 2122 auferunt
1412 2059 1632 2135 uitam,
1682 2058 1921 2122 dedisse
1965 2077 2030 2124 se
2073 2060 2307 2124 dicant.
2372 2060 2483 2125 sed
2528 2059 2596 2124 in
2627 2061 2778 2125 urbe

515 2158 625 2223 illa
668 2176 794 2223 non
851 2160 986 2224 tam
1047 2159 1371 2224 hominum
1431 2159 1683 2225 fuerunt
1742 2160 1895 2225 haec
1953 2161 2246 2227 beneficia
2291 2180 2478 2244 quam
2521 2164 2773 2244 legum3

515 2261 779 2326 interfici
825 2265 992 2328 enim
1036 2262 1474 2328 indemnatum
1520 2280 1974 2345 quemcumque
2021 2262 2340 2329 hominem
2385 2263 2574 2329 etiam
2621 2266 2775 2329 duo-

517 2365 718 2430 decim
762 2365 1125 2431 tabularum
1174 2366 1428 2431 decreta
1471 2369 1828 2429 uetuerunt.
1905 2385 1974 2430 ex
2019 2384 2138 2448 quo
2185 2367 2564 2451 agnoscitur,
2613 2367 2774 2452 quod

432 2491 497 2532 :20
515 2487 741 2553 magna
803 2470 937 2534 illic
998 2468 1438 2552 praerogatiua
1494 2468 1840 2534 dominicae
1900 2469 2220 2554 religionis
2280 2470 2421 2549 fuit,
2483 2469 2594 2534 ubi
2638 2471 2773 2536 ideo

514 2574 764 2638 tantum
810 2573 909 2638 dei
965 2573 1162 2638 seruis
1220 2571 1400 2637 licuit
1453 2572 1735 2648 euadere,
1798 2572 1939 2654 quia
1985 2590 2022 2636 a
2063 2590 2305 2657 pagano
2364 2574 2495 2638 iure
2543 2573 2775 2638 defensi

514 2678 681 2755 sunt,
743 2695 819 2739 ne
876 2675 1367 2741 Christianorum
1425 2677 1710 2740 manibus
1767 2676 2245 2741 trucidarentur.
2323 2680 2385 2740 et
2445 2676 2773 2755 miramur,
2796 2681 2880 2749 25

515 2779 571 2845 si
627 2797 794 2844 nunc
851 2778 1147 2844 barbaros
1210 2777 1307 2842 illi
1363 2777 1718 2860 perferunt,
1779 2796 1920 2843 cum
1977 2778 2298 2845 uideamus
2359 2781 2520 2862 quod
2575 2781 2775 2846 sancti

513 2883 579 2947 in
626 2882 757 2947 illis
802 2882 1098 2948 barbaros
1135 2881 1541 2964 pertulerunt.
1585 2880 1791 2945 iustus
1823 2900 1967 2965 ergo
1998 2883 2096 2946 est
2124 2881 2409 2948 dominus
2442 2887 2506 2947 et
2534 2881 2774 2948 iustum

430 2984 817 3052 25iudicium
863 3004 1077 3067 suum3
1125 3003 1283 3066 quae
1329 2984 1515 3063 enim,
1562 2986 1635 3047 ut
1671 2983 1977 3067 scriptum
2009 2987 2125 3064 est,
2173 2985 2575 3062 seminarunt,
2623 2984 2775 3049 haec

515 3093 577 3154 et
621 3090 900 3154 metunt:
947 3091 1018 3154 ut
1064 3106 1208 3152 uere
1251 3087 1537 3152 uideatur
1569 3090 1643 3152 de
1672 3086 2077 3169 improbitate
2108 3087 2279 3153 illius
2308 3087 2515 3171 gentis
2548 3086 2773 3151 dixisse

513 3192 832 3257 dominus:
880 3191 1190 3255 reddite
1235 3191 1304 3256 ei
1348 3190 1780 3255 secundum
1824 3208 2012 3273 opus
2058 3209 2314 3270 suum,
2363 3190 2583 3255 iuxta
2626 3206 2774 3254 om-

514 3295 650 3358 nia
709 3313 899 3376 quae
971 3293 1172 3360 fecit
1231 3293 1478 3358 facite
1542 3294 1708 3371 illi,
1778 3293 1962 3374 quia
2027 3294 2310 3358 contra
2374 3292 2774 3358 dominum

512 3399 788 3463 erecta
849 3401 988 3462 est.
1062 3396 1324 3461 minime
1379 3398 1677 3461 miremur
1732 3396 1945 3479 itaque
1987 3398 2098 3461 aut
2141 3396 2559 3480 indignemur,
2606 3395 2771 3477 quod

713 3568 747 3622 8
770 3568 888 3622 Act.
917 3567 1000 3634 17,
1030 3567 1092 3620 17
1233 3567 1300 3620 10
1324 3568 1444 3622 Act.
1472 3567 1538 3620 14
1675 3566 1746 3621 24
1769 3566 1912 3620 Psal.
1941 3567 2056 3633 118,
2083 3567 2182 3620 137
2321 3566 2391 3621 25
2413 3564 2534 3619 Gal.
2558 3566 2607 3632 6,
2634 3564 2669 3619 8

498 3652 576 3707 27
618 3652 854 3708 Hierem.
889 3652 971 3720 50,
1009 3653 1077 3706 29

608 3810 643 3865 5
677 3808 848 3863 totius
882 3808 937 3862 Β
1111 3808 1177 3861 10
1199 3810 1253 3861 et
1276 3808 1444 3878 B(v):
1482 3807 1647 3862 etiam
1673 3808 1739 3862 in
1760 3822 1935 3876 mara.
1960 3823 1993 3861 v
2017 3805 2412 3873 Brassicanus3
2446 3806 2576 3873 fort.
2599 3806 2765 3863 scrib.

505 3896 596 3949 uel
776 3897 842 3950 13
869 3894 1125 3964 competis
1152 3896 1270 3964 (sic)
1299 3895 1354 3949 Β
1533 3896 1597 3951 19
1622 3895 1785 3965 quod]
1809 3910 1971 3964 quam
1996 3894 2315 3962 suspicatur
2338 3894 2632 3950 Hartelius

494 3979 571 4035 ’27
596 3981 862 4051 dominus]
889 3981 1018 4036 deus
1044 3981 1099 4035 Β
1269 3981 1337 4036 29
1362 3981 1583 4037 minime
1607 3981 1939 4047 addidimus,
1965 3982 2029 4034 ut
2053 3980 2162 4035 VH
2186 3980 2279 4035 85:
2315 3980 2540 4034 minime
2567 3980 2766 4034 mirum

503 4066 680 4122 fuerat
716 4074 768 4123 et
802 4068 914 4122 loco
949 4068 1220 4122 simillimo
1268 4067 1376 4121 VII
1410 4068 1506 4123 88:
1560 4068 1783 4122 minime
1826 4067 2023 4121 mirum
2068 4067 2143 4121 sit
2188 4066 2235 4119 si
2269 4066 2421 4120 Rom.
2472 4065 2769 4135 reipublice.

502 4153 790 4222 aliquando
837 4153 1045 4223 patitur
1090 4153 1232 4222 quod
1276 4153 1386 4206 iam
1433 4153 1526 4207 diu
1572 4156 1830 4218 meretur3
1884 4169 1950 4207 ne
1993 4152 2122 4207 add.
2162 4158 2291 4220 post
2337 4151 2770 4207 Rittershueium

491 4235 796 4305 ΑΗιιῖκιηίαθη
832 4243 980 4293 certe
1014 4238 1228 4292 mallem
1261 4253 1368 4291 non
1399 4244 1464 4293 ut
1507 4237 1568 4305 V,
1607 4241 1706 4293 12:
1743 4253 1848 4292 non
1888 4253 2015 4307 ergo
2052 4237 2307 4292 miremur
2342 4235 2484 4306 quod
2517 4240 2616 4291 etc.
