3380 4919
696 327 742 392 4
1664 325 1981 380 Saluiani

704 515 853 598 quid
896 515 1232 596 potuerunt
1277 515 1352 578 de
1395 513 1623 579 affectu
1666 533 1737 580 ac
1781 515 2105 597 diligentia
2150 516 2248 580 dei
2280 518 2510 581 rectius
2558 516 2946 600 religiosius-

702 637 822 700 que
866 617 1093 683 sentire
1140 636 1324 699 quam
1371 620 1441 681 ut
1488 637 1631 682 eum
1676 619 2082 700 gubernatori
2128 619 2396 685 similem
2444 638 2577 685 esse
2624 620 2956 686 dicerent?

702 724 816 788 hoc
859 722 1072 806 utique
1118 720 1576 804 intellegenteS,
1627 724 1788 802 quod
1820 722 1982 787 sicut
2012 723 2319 807 nauigans
2351 723 2731 806 gubernator
2762 743 2952 789 num-

700 844 887 908 quam
953 844 1209 891 manum
1277 843 1455 890 suam
1522 841 1559 888 a
1622 824 2069 908 gubernaculo,
2140 826 2229 892 sic
2298 845 2639 912 numquam
2701 828 2948 910 penitus

700 947 913 994 curam
980 947 1158 994 suam
1224 931 1373 994 deus
1442 926 1610 993 tollit
1655 946 1694 993 a
1751 931 2008 1006 mundo;
2086 947 2159 995 ac
2226 929 2390 996 sicut
2456 932 2564 996 ille
2633 933 2696 995 et
2764 948 2948 995 auras
2991 953 3028 993 s

700 1033 954 1116 captans
1002 1036 1064 1097 et
1110 1050 1253 1097 saxa
1296 1031 1509 1096 uitaus
1554 1034 1617 1096 et
1647 1034 1818 1098 astra
1863 1032 2204 1114 suspiciens
2250 1033 2419 1099 totus
2451 1034 2533 1099 sit
2579 1033 2768 1099 simul
2814 1035 2950 1098 tam

702 1137 971 1218 corporis
1040 1152 1225 1217 quam
1292 1133 1491 1199 cordis
1561 1133 1762 1199 officio
1829 1134 2002 1216 operi
2059 1154 2170 1201 suo
2229 1137 2505 1217 dedituS‚
2573 1138 2664 1203 ita
2708 1137 2954 1202 scilicet

701 1242 885 1305 deum
951 1238 1235 1303 nostrum
1297 1239 1373 1303 ab
1438 1238 1848 1303 uniuersitate
1917 1240 2196 1303 omnium
2263 1259 2473 1306 rerum
2539 1258 2652 1306 nec
2716 1259 2950 1305 munus

702 1341 1213 1426 dignantissimae
1258 1341 1518 1409 uisionis
1565 1345 1850 1416 auertere
1886 1360 2006 1407 nee.
2029 1343 2309 1428 regimen
2343 1343 2769 1428 prouidentiae
2802 1361 2951 1407 suae

641 1446 684 1510 4
703 1445 920 1511 tollere
967 1464 1081 1510 nec
1122 1444 1584 1529 indulgentiam
1604 1481 1609 1485 ·
1627 1445 2110 1529 benignissimae
2154 1448 2403 1528 pietatis
2449 1447 2709 1513 auferre.
2785 1447 2951 1512 unde
2969 1469 3031 1510 ιο

612 1546 615 1549 ’
703 1550 894 1615 etiam
941 1550 1099 1615 illud
1142 1551 1447 1634 mysticae
1493 1550 2290 1635 auctoritatisexemplum,
2339 1568 2458 1633 quo
2490 1570 2556 1615 se
2587 1568 2710 1614 non
2740 1551 2950 1615 mitum

702 1653 1142 1737 philosophum
1172 1655 1351 1718 Maro
1381 1653 1643 1736 probare
1672 1654 2095 1735 uoluit-quam
2125 1656 2390 1736 poetam,
2439 1655 2681 1719 dicens:
2728 1654 2869 1718 deu
2887 1672 2951 1717 m

705 1775 1030 1838 namque
1076 1756 1188 1821 ire
1231 1775 1361 1838 per
1420 1774 1679 1821 omnes
1743 1758 2155 1838 terrasque
2201 1759 2668 1837 tractusque
2710 1755 2950 1821 maris

704 1861 1157 1942 caelumque
1200 1860 1690 1944 profundum.
1740 1861 2289 1942 Tullius-quoque:
2356 1878 2499 1924 nec
2542 1878 2724 1924 uero
2764 1859 2951 1923 deus

703 1963 902 2046 ipse,
969 1963 1204 2045 inquit,
1274 1964 1404 2044 qui
1469 1963 1990 2045 intellegitur
2053 1981 2091 2027 a
2155 1962 2416 2040 nobie,
2487 1961 2649 2028 ali—o
2729 1964 3031 2027 modom

704 2065 1085 2148 intellegi
1157 2069 1423 2147 potest
1497 2084 1724 2147 quam
1799 2084 2015 2130 mans
2089 2067 2349 2131 soluta
2421 2069 2796 2151 quaedam
2873 2066 2955 2129 et

705 2170 957 2236 libera
1014 2171 1092 2234 et
1149 2171 1579 2253 segregata
1622 2169 1709 2234 ab
1772 2170 1979 2234 omni
2039 2170 2542 2235 concretione
2603 2169 2951 2248 mortali,

641 2299 647 2304 ·
707 2273 955 2339 omnia
1028 2272 1379 2337 sentiens
1454 2272 1529 2336 et
1572 2290 1934 2338 ·m÷ouefns.
2016 2272 2170 2337 alibi
2242 2291 2481 2355 quoque
2548 2273 2760 2339 nihil
2835 2273 2955 2336 est

707 2374 944 2458 inquit,
1020 2378 1570 2457 praestantius
1647 2377 1816 2440 deo:
1896 2376 1973 2440 ab
2042 2394 2110 2440 eo
2184 2375 2385 2462 igitur
2451 2379 2753 2443 mundum
2817 2376 2954 2458 megi

706 2499 950 2546 necesse
994 2480 1134 2546 est(
1166 2479 1326 2545 nulli
1372 2480 1564 2564 igitur
1607 2483 1867 2545 naturae
1891 2479 2232 2545 oboediens
2251 2481 2377 2547 iamt
2421 2482 2733 2552 subiectus
2764 2480 2915 2544 deus
2936 2499 2952 2542 z
2970 2502 3032 2540 ιο

709 2601 954 2648 omnem
1024 2601 1167 2666 erge
1232 2585 1398 2665 regit
1462 2587 1603 2667 ipse‘
1664 2587 1989 2649 naturam:
2067 2582 2190 2647 nisi
2254 2583 2412 2648 ferte
2482 2601 2589 2647 nos
2658 2581 2956 2646 uidelicet

708 2686 1154 2769 sapientissimi
1199 2688 1288 2758 ita
1331 2688 1689 2765 sentiamus,
1739 2689 1810 2749 ut
1845 2703 2006 2763 eum,
2056 2703 2092 2748 a
2122 2703 2239 2767 quo
2272 2685 2477 2749 omnia
2507 2685 2640 2768 regi
2672 2683 2954 2760 dicimuS,

646 2790 690 2855 5
710 2789 772 2852 et
836 2807 1050 2872 regere
1114 2788 1305 2853 simul
1373 2791 1438 2852 et
1499 2789 1825 2872 neglegere
1896 2788 2242 2852 enodamus,
2320 2807 2462 2853 eum
2527 2804 2672 2870 ergo
2740 2803 2958 2851 omnes

912 3018 976 3073 12
1011 3017 1202 3087 Georg.
1235 3019 1287 3085 4,
1314 3017 1414 3073 221
1436 3034 1514 3087 sq.
1553 3018 1622 3075 cf.
1658 3018 1928 3073 Lactantii
1964 3019 2141 3074 instit.
2177 3018 2287 3074 diu.
2323 3019 2351 3071 I
2386 3019 2437 3086 5,
2467 3017 2530 3071 12
2696 3017 2761 3070 14
2796 3016 2954 3072 Tusc.

708 3106 941 3174 quaestt.
991 3106 1037 3172 I,
1080 3104 1164 3170 27,
1212 3105 1279 3160 66
1332 3104 1399 3161 of.
1447 3105 1720 3159 Lactantii
1758 3106 1795 3159 l.
1832 3105 1882 3158 1.,
1919 3105 1948 3158 1
1982 3106 2030 3171 5,
2069 3106 2137 3159 25
2191 3107 2246 3158 et
2298 3103 2626 3157 Zschimmer
2658 3118 2709 3171 p.
2749 3102 2817 3157 62

710 3192 776 3247 18
798 3191 954 3254 >Haec
988 3206 1197 3260 quoque
1232 3207 1292 3246 ex
1326 3191 1568 3252 Lactant.
1605 3191 1643 3250 l.
1668 3192 1703 3245 1.
1743 3191 1769 3245 1
1804 3192 1853 3257 5,
1882 3190 1949 3248 24
1984 3191 2153 3245 citata
2189 3192 2331 3256 suut,
2370 3190 2462 3259 qui
2499 3206 2561 3244 ex
2595 3189 2703 3243 Cic.
2741 3189 2805 3243 de
2841 3193 2954 3246 nat.

710 3278 760 3332 d.
798 3294 858 3332 ea
893 3278 1182 3347 sumpsisse
1217 3294 1271 3334 se
1307 3279 1552 3342 testatur,
1590 3277 1682 3332 ubi
1720 3280 1900 3331 tamen
1936 3293 2042 3332 non
2078 3278 2356 3346 leguntur;
2396 3277 2463 3331 cf.
2496 3276 2823 3334 Zschimmer
2857 3276 2965 3330 1.1,

710 3367 764 3419 et
799 3365 867 3418 ad
901 3364 992 3418 III
1031 3364 1220 3420 l-init.
1259 3363 1380 3418 adn.
1417 3364 1534 3417 erit.

815 3582 840 3634 1
882 3581 1174 3649 potuerunt
1195 3602 1276 3631 *μ
1303 3579 1499 3634 rectius
1535 3583 1589 3633 A
1774 3579 1807 3633 2
1844 3579 2074 3633 similem
2101 3599 2181 3630 *an*
2207 3578 2347 3646 quod
2381 3577 2523 3631 sicut
2558 3579 2613 3631 A
2785 3578 2823 3631 4
2860 3593 2962 3646 gu·

708 3666 917 3720 berum
954 3682 1105 3720 suam
1152 3665 1280 3720 deus
1325 3666 1380 3720 A
1585 3666 1617 3719 6
1665 3681 1789 3719 saxa
1826 3667 1962 3719 uim
1998 3666 2146 3718 totus
2182 3665 2256 3717 sit
2300 3664 2355 3716 A
2564 3664 2594 3717 7
2640 3663 2843 3717 seilicet
2878 3684 2961 3714 *u

708 3767 882 3804 rerum
929 3752 983 3805 A
1188 3753 1221 3806 9
1259 3752 1485 3806 uisionis
1519 3775 1599 3805 m
1634 3768 1731 3807 nec
1767 3751 1974 3820 indulg.
2023 3751 2077 3804 A
2284 3750 2351 3803 10
2385 3749 2604 3818 pietatis
2641 3750 2811 3803 aufm
2853 3748 2959 3801 ori·

707 3837 845 3891 tatis
898 3838 1121 3905 exempl,
1172 3839 1227 3891 A
1432 3840 1494 3893 11
1549 3838 1808 3908 mysticae
1839 3837 2149 3892 .Pithoeus.·
2202 3835 2440 3890 fabulose
2495 3837 2695 3889 ebriose
2747 3832 2963 3888 smitice

708 3923 917 3977 mistice
940 3924 995 3976 B
1023 3924 1136 3991 Can
1158 3922 1430 3977 fabulosae
1452 3923 1795 3978 scribendum
1807 3918 1854 3977 θ’
1882 3923 2164 3987 Halmius)
2193 3953 2196 3962 ·
2337 3937 2439 3990 quo
2467 3937 2522 3975 se
2546 3942 2625 3973 *aa*
2651 3935 2833 3974 omnes
2857 3921 2960 3971 ter-

707 4025 900 4079 rasque
934 4011 989 4064 A
1153 4011 1218 4064 14
1251 4025 1457 4078 quoque
1477 4032 1558 4064 ‚m
1582 4010 1704 4078 quit
1726 4008 1820 4077 qui
1858 4009 1913 4062 A
2071 4008 2137 4062 16
2168 4007 2347 4062 soluta
2369 4029 2422 4060 ,με
2449 4009 2733 4077 segregata
2767 4005 2821 4057 A

711 4097 772 4151 17
823 4096 1240 4166 congregatione
1284 4095 1339 4149 A
1399 4095 1733 4149 concrecione
1777 4095 1832 4148 B
2043 4094 2107 4149 18
2151 4109 2368 4148 mouens
2391 4114 2445 4146 *ιι
2471 4110 2537 4147 ue
2583 4092 2722 4145 nihil
2767 4090 2824 4142 A

708 4185 792 4236 est
829 4184 910 4237 A:
959 4190 987 4236 e
1023 4184 1111 4250 (=
1134 4184 1236 4248 est)
1273 4197 1386 4236 non
1420 4182 1559 4235 enim
1586 4183 1681 4249 (ut
1705 4181 1860 4249 apud
1884 4181 2194 4247 Halmium)
2234 4180 2289 4234 B
2470 4180 2539 4234 20
2571 4176 2709 4231 nulli
2732 4197 2785 4227 *κε
2807 4174 2963 4229 oboe-

708 4269 859 4323 diens
894 4270 949 4323 A
1157 4268 1220 4323 21
1260 4284 1356 4323 nos
1377 4291 1430 4321 *ιιι
1455 4267 1719 4323 entissimi
1755 4268 1810 4322 A
2014 4268 2082 4323 23
2117 4269 2273 4338 negle
2296 4291 2322 4320 a:
2357 4268 2630 4321 credamus
2666 4263 2721 4317 A
