3380 4919
1325 281 1335 292 ae
1372 322 1674 390 epistola
1721 322 1857 376 1111.
2612 324 2734 388 211

489 531 782 578 consessu
847 512 1123 577 iudicum
1191 514 1638 592 conspectuque
1704 510 2019 592 produxit:
2089 527 2241 591 quos
2304 529 2445 573 cum
2511 510 2734 574 laturis

488 617 861 680 sententiam
896 613 1412 697 disceptatoribus
1444 613 1722 678 oratione
1750 612 1945 678 flebili
1978 612 2455 690 commendaret,
2504 613 2735 679 fractae

487 719 718 785 affectu
763 719 1042 783 omnium
1089 722 1328 782 mentes
1361 718 1424 781 et
1456 716 1791 780 inclinatae
1825 720 1991 779 sunt.
2042 715 2190 796 quid
2219 715 2446 796 plura?
2495 715 2734 780 factum

487 824 601 900 est,
648 822 721 885 ut
763 821 1004 885 inflexis
1049 820 1412 885 cunctorum
1443 819 1723 883 sensibus
1757 821 1935 882 daret
1978 817 2402 883 misericordia
2445 819 2733 885 humani-

440 949 467 988 5
487 926 606 991 tati
667 925 962 1007 quicquid
1018 922 1351 987 ambitioni
1394 920 1626 986 ueritas
1673 921 2016 1004 denegaret.
2088 939 2121 984 o
2169 920 2428 985 affectus
2474 921 2731 986 humani
2753 925 2838 990 25

484 1028 701 1110 quanti
747 1028 919 1106 estis„
962 1027 1266 1108 quantum
1311 1023 1554 1104 ualetiS,
1602 1025 1707 1105 qui
1753 1024 1940 1088 etiam
1985 1024 2050 1088 in
2097 1024 2322 1089 iudicio
2368 1026 2465 1090 ius
2509 1026 2730 1091 habere

485 1129 813 1212 potuistis!
878 1128 1131 1204 discite,
1189 1145 1223 1191 o
1268 1126 1553 1208 parentes
1609 1125 1948 1200 carissimi,
2018 1127 2199 1192 uenia
2255 1128 2451 1193 uestri
2493 1128 2729 1192 dictum

483 1234 587 1310 sit,
634 1232 854 1298 discite
901 1232 1003 1295 uel
1049 1231 1163 1297 hoc
1206 1230 1417 1295 saltim
1464 1228 1747 1310 exemplo
1791 1230 1996 1312 frangi
2040 1232 2226 1310 atque
2258 1229 2509 1293 molliri.
2568 1234 2731 1295 certe

484 1337 672 1401 etiam
729 1335 861 1399 illic
921 1333 1348 1398 misericordia
1403 1333 1622 1413 ualuit,
1686 1332 1796 1396 ubi
1851 1333 2057 1395 locum
2105 1350 2235 1396 esse
2279 1332 2733 1396 misericordiae

413 1456 603 1503 1onon
659 1437 905 1502 licebat.
980 1437 1171 1501 laturi
1231 1438 1604 1500 sententiam
1662 1435 1926 1512 iudices,
1997 1435 2102 1517 qui
2159 1435 2321 1499 nihil
2376 1454 2441 1498 se
2495 1436 2616 1499 nisi
2661 1454 2730 1499 ex

482 1542 766 1605 ueritatis
798 1540 997 1604 officio
1028 1539 1534 1621 pronuntiaturos
1568 1557 1700 1602 esse
1746 1539 2119 1616 iurauerant,
2166 1537 2488 1602 excludere
2519 1541 2729 1602 tamen

481 1642 969 1709 misericordiam
1044 1662 1155 1707 nec
1226 1645 1368 1724 post
1435 1644 1825 1706 sacramenta
1897 1642 2269 1723 potuerunt,
2343 1641 2407 1703 in
2481 1642 2729 1704 tantum

482 1746 877 1812 humanitate
908 1744 1083 1822 moti,
1128 1749 1199 1809 ut
1232 1746 1380 1808 dum
1411 1744 1612 1809 alieno
1643 1743 1893 1825 negotio
1926 1745 2274 1825 consulunt,
2321 1762 2505 1808 suum
2534 1762 2728 1826 paene

483 1850 1017 1916 obliuiscerentur.
1094 1847 1255 1912 nihil
1310 1866 1419 1912 uos
1477 1847 1703 1911 durum
1762 1846 1921 1910 nihil
1979 1848 2248 1912 insolens
2294 1848 2727 1930 deprecamur:
2752 1853 2836 1917 26

414 1977 465 2017 1⁵
483 1954 708 2018 uestris
776 1970 885 2017 uos
950 1952 1261 2032 praestate
1328 1969 1439 2032 pro
1495 1949 1674 2014 uobis
1747 1951 1910 2030 quod
1972 1950 2414 2031 praestiterunt
2468 1950 2568 2016 illi
2626 1970 2729 2015 ex-

482 2058 712 2120 traneis
781 2055 997 2119 contra
1041 2072 1124 2117 se.
1198 2057 1361 2118 certe
1416 2072 1526 2117 nec
1583 2070 1768 2117 causa
1807 2053 1968 2117 ·illic
2034 2052 2257 2116 iustior
2315 2071 2428 2116 nec
2471 2073 2729 2135 persona

482 2158 681 2224 carior
740 2174 849 2221 nec
909 2155 1229 2221 audientia
1289 2157 1622 2220 humanior
1686 2174 1800 2220 nec
1846 2156 2055 2220 orator
2099 2157 2331 2237 gratior
2377 2156 2516 2220 fuit.
2591 2156 2727 2221 illic

480 2261 784 2344 agebatur
827 2278 935 2341 pro
982 2259 1260 2337 crimine,
1306 2259 1412 2322 hic
1454 2277 1565 2340 pro
1612 2258 1865 2335 affectu;
1925 2258 2056 2322 illic
2101 2276 2211 2341 pro
2259 2259 2582 2335 extraneiS,
2628 2258 2729 2324 hic

480 2382 591 2447 pro
644 2364 826 2444 filiis3
894 2363 1024 2428 illic
1081 2364 1244 2444 apud
1300 2364 1536 2426 iuratos
1593 2362 1848 2440 iudiceS,
1909 2360 2009 2424 hic
2055 2362 2221 2442 apud
2265 2362 2565 2426 iniuratos
2611 2380 2725 2443 pa-

411 2473 715 2545 20rentes;
780 2469 913 2533 illic
954 2487 1061 2550 per
1116 2471 1428 2532 oratorem
1486 2467 1594 2549 qui
1642 2466 2152 2531 circumscribere
2197 2465 2573 2546 nitebantur,
2625 2466 2724 2530 hic

479 2591 585 2654 per
630 2574 899 2653 neptem,
946 2590 1100 2653 quae
1146 2590 1263 2653 quo
1295 2590 1405 2635 uos
1449 2574 1586 2653 ipsa
1630 2570 1934 2635 infantiae
1964 2588 2108 2634 suae
2141 2568 2548 2651 simplicitate
2579 2570 2721 2651 plus

479 2677 745 2752 moueat,
792 2676 989 2740 adhuc
1032 2693 1247 2757 rogare
1293 2692 1414 2738 non
1460 2674 1656 2740 nouit.
1718 2674 1868 2755 quid
1914 2673 2009 2750 est
2053 2673 2216 2754 quod
2247 2690 2468 2736 causae
2513 2671 2723 2737 desit?
2745 2679 2826 2742 27

479 2778 640 2858 quod
685 2796 916 2841 nouum
960 2777 1398 2859 inquirendum
1441 2775 1620 2841 nobis
1651 2779 1747 2841 est
1790 2775 2269 2859 inauditumque
2313 2776 2724 2862 suffragium?

478 2898 631 2944 num
675 2883 1108 2947 extraneorum
1139 2882 1302 2962 apud
1350 2899 1459 2945 uos
1503 2881 1790 2964 precibus
1835 2882 2140 2968 utendum
2185 2880 2323 2944 est?
2371 2899 2615 2962 semper
2657 2880 2722 2943 in

407 3012 460 3053 2⁵
479 3001 685 3047 amore
731 2984 1000 3048 cautella
1047 2984 1172 3058 est;
1241 3000 1422 3047 nemo
1468 2984 1637 3047 enim
1682 2982 1903 3047 melius
1950 2982 2162 3064 diligit
2206 3001 2393 3064 quam
2438 2983 2545 3064 qui
2592 3001 2724 3047 ma-

477 3086 640 3148 xime
686 3088 936 3149 ueretur
981 3085 1306 3152 offendere.
1369 3089 1530 3151 unde
1572 3104 1682 3169 ego
1715 3105 1879 3150 nunc
1923 3087 2169 3151 ueniam
2214 3091 2378 3169 pet0,
2423 3105 2548 3150 non
2580 3087 2723 3171 quia

477 3187 811 3252 offendisse
868 3207 967 3252 me
1024 3189 1320 3269 nouerim,
1388 3190 1495 3252 sed
1550 3191 1620 3251 ut
1688 3189 1895 3254 locum
1965 3190 2224 3255 offensae
2290 3191 2535 3271 penitus
2598 3206 2721 3253 non

478 3291 851 3371 relinquam,
927 3309 1040 3355 nec
1113 3291 1489 3356 conscientia
1561 3292 1811 3373 culpae,
1887 3291 1992 3356 sed
2064 3295 2305 3357 ratione
2381 3294 2443 3355 et
2516 3292 2718 3356 officio

478 3393 756 3459 caritatis
775 3443 791 3471 ‚
858 3398 931 3458 ut
995 3396 1294 3460 maiorem
1359 3394 1520 3476 apud
1587 3398 1649 3459 te
1717 3395 1974 3459 affectus
2043 3395 2316 3478 gratiam
2381 3395 2720 3459 obsecratio

406 3524 458 3563 ao
476 3500 788 3562 mereatur
848 3498 1082 3563 innoxii
1127 3502 1191 3563 et
1236 3499 1431 3563 amori
1488 3497 1770 3580 proficiat
1826 3498 2199 3581 supplicatio
2256 3500 2431 3561 reatu
2488 3515 2717 3574 carens,

476 3600 819 3679 habeasque
873 3593 1014 3684 plus
1058 3600 1122 3664 in
1177 3601 1294 3667 filii
1348 3601 1445 3665 tui
1501 3602 1928 3682 deprecatione
1988 3605 2148 3684 quod
2194 3601 2442 3682 diligaS,
2499 3599 2554 3663 si
2598 3618 2716 3665 non

474 3702 664 3767 habes
733 3702 896 3784 quod
961 3706 1263 3769 remittas,
1341 3722 1718 3785 quamquam
1785 3709 2016 3769 temere
2082 3704 2346 3769 fortasse
2412 3703 2587 3767 nobis
2642 3707 2715 3769 de
2738 3711 2821 3777 28

577 3966 604 4017 1
643 3981 896 4020 consensu
933 3966 980 4021 Ο
1165 3966 1200 4018 3
1234 3968 1440 4019 mentes
1477 3983 1543 4020 ex
1576 3966 1773 4020 mentis
1818 3967 1863 4022 0
1894 3982 2031 4021 corr.
2068 3984 2135 4021 m.
2168 3973 2201 4021 1
2386 3968 2422 4022 5
2455 3967 2713 4037 quidquid

470 4051 565 4105 sed
581 4052 793 4119 prioris
829 4052 862 4105 d
893 4057 1056 4119 parte
1072 4057 1278 4119 poster.
1304 4067 1467 4105 erasa
1510 4051 1557 4107 G
1742 4052 1805 4105 21
1847 4068 1981 4118 quae
2017 4069 2087 4107 ex
2119 4069 2172 4122 q;
2218 4053 2265 4109 G
2284 4069 2422 4108 corr.
2448 4070 2517 4107 m.
2542 4056 2582 4107 2

446 4162 540 4215 ‘25
576 4163 861 4216 cautellam
905 4164 952 4219 Ο
986 4164 1138 4229 (fort.
1175 4169 1354 4217 ortum
1391 4179 1458 4216 ex
1492 4139 1756 4233 cautellff'.)
1962 4166 2031 4219 26
2073 4168 2283 4219 ueretor
2316 4166 2429 4220 scd.
2464 4182 2510 4222 sa
2543 4182 2573 4220 o
2608 4182 2714 4230 scr.

475 4266 508 4301 u
543 4266 611 4301 m.
650 4254 680 4302 1
717 4249 765 4304 Ο
966 4249 1032 4303 31
1069 4248 1265 4303 habeas
1301 4266 1433 4318 quae
1467 4250 1586 4318 plus
1631 4251 1675 4308 Ο

2410 4357 2512 4410 14*
