3380 4919
1211 305 1548 359 nominum
1584 306 1919 358 et-rerum.

452 491 684 559 Galliae)
715 491 824 546 VII
849 490 944 558 52;
982 491 1037 544 in
1067 489 1331 563 Hispania
1354 491 1516 545 etiam

452 563 664 613 nostros
712 561 972 613 exercitus
1024 559 1272 613 bellando
1317 560 1515 613 contri-

453 632 650 684 uerunt
689 628 946 697 (barbari)
983 628 1094 681 VII
1129 627 1197 682 53

382 698 680 766 Hispaniae
731 696 925 766 quibus
980 696 1153 749 solum
1209 711 1397 750 nomen
1436 712 1516 750 re-

453 766 646 819 lictum
703 769 783 819 est
836 764 958 818 IIII
1003 765 1098 831 213
1157 764 1213 817 in
1267 766 1517 833 plurimis

452 832 837 903 Hispaniarum
876 831 1101 886 urbibus
1138 849 1243 887 non
1281 835 1517 902 aguntur

453 903 716 968 (ludicra)
744 901 823 955 VI
857 901 952 966 393
1004 900 1298 970 Hispanias
1335 902 1516 956 eadem

453 973 539 1025 uel
599 971 802 1025 maiora
861 970 1088 1024 forsitan
1149 972 1289 1024 uitia
1344 971 1517 1039 perdi-

454 1039 650 1093 derunt
673 1042 867 1161 §quam
904 1037 1134 1104 Gallias)
1174 1039 1283 1092 VII
1319 1039 1389 1093 26

381 1108 571 1161 Hunni
609 1109 671 1164 ui
717 1149 728 1159 .
764 1106 940 1162 Chuni

381 1176 554 1246 hydra
641 1175 921 1245 (Lernaea)
999 1192 1065 1229 an
1110 1176 1294 1229 uinum
1377 1175 1515 1230 illud

452 1244 942 1368 monstxipiquuod
989 1260 1079 1297 mu
1105 1245 1388 1313 tiplicabat
1430 1261 1515 1299 oc-

453 1329 582 1367 cislo

382 1374 656 1452 Hypatius
690 1381 937 1437 Saluiani
973 1397 1122 1436 socer
1157 1382 1255 1452 Ep.
1291 1381 1412 1436 1111
1452 1383 1478 1435 1

382 1561 636 1642 Incestus
690 1585 936 1641 mollium
992 1586 1350 1642 Romanorum
1405 1587 1515 1643 VII

454 1663 520 1717 87
547 1679 571 1715 s
613 1701 625 1714 .

387 1678 831 1803 interpglationes
855 1745 1032 1784 sacrae
1044 1731 1358 1798 scripturae:
1381 1746 1518 1799 quae

455 1800 522 1853 ab
580 1799 889 1853 auctoribus
944 1799 1211 1867 quondam
1258 1799 1416 1852 malis
1464 1806 1518 1853 et

456 1868 594 1921 male
665 1871 791 1920 sunt
858 1868 1185 1938 interpolata
1255 1873 1308 1920 et
1379 1868 1518 1921 male

456 1936 662 1990 tradita
696 1936 744 1989 V
782 1935 815 1988 6

389 2005 488 2059 Iob
538 2007 752 2059 sanctus
799 2006 920 2072 post
963 2004 1202 2057 diuinam
1239 2020 1420 2059 uocem
1456 2005 1517 2057 in

454 2073 849 2142 comparatione
885 2073 1154 2142 loquentis
1178 2074 1262 2126 dei
1290 2088 1517 2140 paruum

453 2148 600 2265 svelft
636 2142 948 2195 inbecillum
984 2157 1092 2195 esse
1128 2143 1383 2210 cognouit
1418 2141 1517 2208 Ep.

388 2279 593 2333 Israhel
615 2277 920 2333 dimittitur
944 2277 973 2330 Ι
991 2277 1059 2330 41
1071 2296 1084 2339 ;
1121 2276 1326 2330 ‘uidens
1344 2277 1518 2331 deum’

456 2348 847 2416 interpretatur
882 2346 942 2400 II
979 2347 1010 2400 7
1045 2344 1168 2400 IIII
1204 2347 1237 2398 3

389 2416 782 2471 Israheliticam
814 2413 1016 2483 plebem
1056 2413 1323 2468 numerari
1357 2413 1518 2469 iussit

454 2486 634 2538 Dauid
668 2486 748 2539 Vl
782 2484 841 2547 23
896 2484 941 2537 I.
977 2484 1149 2553 plebis
1195 2483 1349 2537 homo
1398 2499 1517 2536 cum

455 2554 606 2621 ligna
661 2553 902 2607 sabbatis
957 2552 1260 2621 collegisset
1315 2552 1518 2606 occisus

455 2627 538 2675 est
577 2623 650 2676 VI
687 2622 780 2688 553
834 2622 880 2676 Ι.
917 2625 1090 2676 terrae
1136 2623 1381 2674 uastator
1429 2636 1518 2674 rex

455 2692 793 2759 Assyriorum
829 2689 938 2745 VII
974 2689 1042 2744 54

387 2759 646 2814 Italorum
706 2759 846 2813 uitia
904 2758 1070 2813 Italia
1137 2759 1352 2811 uastata
1411 2773 1518 2811 non

456 2828 780 2881 destiterunt
814 2827 892 2881 VI
929 2828 995 2880 67

387 2897 553 2950 Italia
605 2900 691 2950 tot
748 2897 853 2950 iam
901 2894 1144 2950 cladibus
1189 2896 1404 2948 uastata
1441 2895 1519 2948 VI

455 2965 549 3028 673
582 2965 780 3019 Italiae
800 2965 938 3018 alius
960 2964 1204 3017 Socrates
1225 2962 1520 3030 (Romanus

457 3033 611 3102 Cato)
661 3033 767 3088 VII
805 3033 906 3087 103

390 3102 574 3156 Iudaei
599 3102 887 3171 aliquando
913 3106 1202 3171 utrumque
1228 3104 1327 3167 (se.
1355 3116 1520 3170 popu·

455 3171 541 3224 lus
579 3171 665 3224 dei
702 3176 755 3224 et
788 3171 979 3224 uidens
1005 3170 1184 3237 deum)
1219 3185 1359 3223 nunc
1394 3184 1519 3223 neu·

457 3245 604 3293 trum
641 3239 761 3298 1111
796 3239 855 3302 3;
905 3239 1219 3293 Iudaeorum
1255 3238 1425 3307 princi
1466 3254 1520 3290 es

458 3307 578 3362 1111
614 3309 683 3361 37
696 3328 711 3371 3
772 3308 817 3361 Ι.
864 3308 923 3361 in
980 3309 1095 3377 lege
1147 3306 1374 3361 fidentes
1489 3306 1519 3360 Ι

455 3376 551 3439 48;
588 3376 746 3445 impii
781 3375 921 3430 VIII
960 3376 1052 3445 193
1116 3379 1328 3430 sanctos
1384 3376 1519 3430 occi-

457 3444 650 3498 derunt
683 3445 845 3505 ibid.;
897 3461 929 3497 a
964 3444 1178 3498 Iudaeis
1216 3461 1307 3499 cur
1342 3444 1519 3497 minus

456 3514 826 3636 {xilglatffideus
888 3529 1048 3581 quam
1109 3528 1141 3565 a
1195 3510 1520 3568 Christianis

391 3650 641 3710 Iudaicus
678 3650 940 3703 exercitus
976 3648 1005 3701 Ι
1041 3649 1111 3703 48

390 3715 701 3773 iudiciarius
747 3717 918 3771 honor
967 3717 1108 3787 apud
1143 3717 1411 3772 Hebraeos
1463 3715 1519 3770 in

457 3789 780 3911 ffioegtmm
873 3786 1079 3856 regiam
1187 3787 1521 3841 transcendit

389 3924 456 3977 Iu
493 3925 683 4048 {iter-727
751 3924 900 3978 Iouis
981 3939 1170 3979 nomen
1239 3923 1519 4000 ludificare

390 4172 634 4254 Latinae
668 4198 939 4252 libertatis
974 4200 1105 4268 iugo
1135 4174 1339 4252 addicti
1376 4199 1519 4260 serui

459 4278 557 4331 sub
604 4274 917 4331 libertorum
953 4277 1119 4331 titulo
1156 4275 1392 4346 agebant
1424 4273 1518 4344 sed

2621 311 2760 393 3255

1694 489 1995 612 {effabatur-r
2022 490 2397 613 Igisnlulgiffae
2450 494 2747 549 uoluntatis

1727 576 1755 611 r

1622 624 1854 681 Lazarus
1898 627 2014 681 uid.
2054 627 2339 681 Eleazarus

1624 696 1821 748 leuitas
1860 698 1913 748 et
1948 696 2244 749 sacerdotes
2270 711 2447 751 omnes
2473 696 2740 753 decretum

1693 768 1848 817 uetus
1885 779 2054 886 neque
2078 769 2309 833 segetem
2339 780 2506 833 neque
2529 769 2742 821 uincam

1690 848 1858 902 neque
1908 834 2083 886 ulum
2136 834 2349 887 omnino
2392 833 2615 888 fundum
2653 836 2748 889 ha-

1689 900 1813 954 bere
1847 902 2095 970 permisit
2128 901 2173 956 Ε
2209 902 2269 956 11
2303 903 2372 957 38

1621 968 1882 1093 libffltaga
1904 971 2143 1024 Romana
2201 976 2257 1024 et
2314 972 2511 1025 Latina
2562 972 2605 1024 Ε
2656 973 2747 1027 111

1620 1106 1748 1161 libri
1784 1107 1923 1161 sacri
1959 1107 2274 1176 interpolati
2300 1111 2355 1162 et
2388 1110 2526 1163 male
2561 1111 2750 1165 traditi

1689 1176 1803 1231 uid.
1843 1176 2284 1244 interpolationes

1621 1242 1896 1298 Limenius
1933 1245 2027 1313 Ep.
2062 1245 2141 1305 VI
2209 1256 2216 1263 ‘

1621 1313 1697 1365 lin
1740 1324 1929 1436 Ιῗτὲιὲιι
1966 1314 2247 1383 gymnasia
2284 1313 2750 1383 Carthaginiensia

1623 1450 1905 1518 (Litorius)
1962 1451 2066 1504 dux
2117 1450 2477 1504 Romanorum
2529 1452 2747 1506 eandem

1690 1520 1876 1573 urbem
1937 1535 2096 1587 quam
2156 1521 2416 1572 uictorem
2474 1536 2529 1574 se
2580 1522 2751 1574 intra-

1692 1590 1878 1641 turum
1934 1604 2043 1640 esse
2097 1589 2451 1657 praesumpsit
2503 1590 2749 1657 captiuus

1692 1657 1927 1710 intrauit
1963 1657 2070 1710 VII
2103 1656 2173 1711 40
2239 1676 2246 1682 ·

1623 1723 1767 1779 Loth
1802 1741 1922 1779 cum
1959 1724 2237 1780 affectibus
2262 1727 2373 1779 suis
2410 1729 2539 1780 urbe
2576 1726 2748 1781 educi-

1692 1798 1784 1848 tur
1817 1795 1847 1849 Ι
1883 1795 1988 1858 383·
2038 1795 2107 1847 ad
2162 1798 2408 1848 sanctum
2457 1795 2517 1848 L.
2571 1796 2752 1865 angeli

1693 1863 1984 1932 loquuntur
2033 1863 2153 1917 IIII
2189 1864 2283 1927 38;
2338 1864 2397 1918 L.
2446 1866 2591 1918 solus
2635 1880 2753 1934 per-

1694 1933 1946 2055 eVuIritib‘iis
2002 1932 2243 1985 Sodomis
2296 1932 2353 1986 in
2409 1937 2592 1987 monte
2644 1933 2753 1987 fuit

1628 2068 1839 2135 (Lucas)
1876 2070 2215 2138 euangelista
2249 2070 2346 2139 Ep.
2383 2069 2555 2123 VIIII
2593 2072 2659 2124 18

1625 2137 1746 2191 ludi
1816 2138 2040 2206 (publici
2098 2154 2140 2192 s.
2198 2139 2430 2202 ludicra,
2502 2139 2751 2206 lusoria)=

1696 2222 1875 2260 eorum
1934 2221 2133 2274 genera
2191 2207 2271 2261 VI
2329 2206 2411 2261 15.
2472 2205 2571 2270 603
2632 2207 2752 2261 ideo

1695 2275 1905 2343 (multis
1960 2275 2138 2347 locis),
2170 2291 2276 2328 non
2335 2279 2575 2343 aguntur
2627 2275 2753 2344 quia

1693 2344 1787 2411 agi
1855 2343 1966 2396 iam
2037 2359 2162 2410 prae
2221 2344 2438 2397 miseria
2496 2344 2753 2412 temporis

1694 2418 1856 2480 atque
1924 2414 2160 2481 egestate
2219 2428 2321 2466 non
2394 2417 2617 2481 possunt
2675 2412 2754 2470 VI

1694 2480 1761 2534 42
1781 2496 1924 2556 sqq.;
1987 2480 2054 2533 iis
2111 2481 2390 2535 admisceri
2448 2480 2756 2538 Christiano

1695 2549 1899 2603 homini
1949 2566 2117 2620 genus
2155 2554 2237 2603 est
2272 2550 2539 2619 sacrilegii
2575 2551 2655 2604 VI
2686 2552 2749 2605 61

1624 2617 1881 2690 Lycaonii
1906 2615 2132 2672 Paulum
2160 2620 2464 2687 apostolum
2490 2619 2752 2674 dicentem

1696 2686 1949 2741 admirati
1986 2691 2113 2741 sunt
2149 2687 2286 2742 VIII
2322 2687 2390 2741 23

1626 2933 1970 3017 Medianitae
2005 2964 2179 3016 instar
2206 2963 2532 3016 locustarum
2563 2962 2754 3016 cuncta

1698 3039 2095 3107 compleuerant
2129 3039 2241 3094 VII
2276 3038 2344 3092 32

1627 3108 1981 3175 magistratus
2053 3107 2305 3162 ciuitates
2376 3106 2759 3166 exhauriebant

1698 3182 1797 3231 etc.
1832 3176 1954 3230 IIII
1991 3177 2056 3232 21

1628 3244 1799 3298 Maria
1869 3249 2056 3299 contra
2114 3246 2334 3316 Moysen
2404 3245 2644 3313 loquitur
2702 3246 2756 3298 et

1696 3314 1923 3382 punitur
1958 3315 1987 3368 1
2022 3314 2138 3368 533·
2175 3355 2187 3368 .

1627 3382 1780 3436 Maro
1817 3383 1931 3436 uid.
1971 3382 2133 3451 Vergi
2162 3399 2246 3436 ius

1627 3450 1771 3504 Mars
1807 3450 2003 3504 colitur
2038 3451 2094 3503 in
2131 3449 2342 3504 harenis
2381 3451 2459 3504 VI
2498 3451 2567 3503 60

1626 3519 1933 3573 Maurorum
1970 3518 2116 3573 efferi
2150 3535 2319 3576 mores
2357 3519 2478 3574 IIII
2513 3520 2579 3573 81

1626 3586 1930 3641 Mercurius
1966 3589 2159 3642 colitur
2189 3588 2244 3640 in
2273 3589 2559 3657 palaestris
2583 3587 2663 3641 VI
2686 3587 2755 3641 60

1626 3657 1931 3710 meretrices
1969 3673 2147 3711 omnes
2202 3658 2474 3710 iusserunt
2520 3658 2574 3709 et
2609 3671 2751 3710 com·

1696 3725 1953 3794 pulerunt
1988 3725 2279 3794 (Wandali)
2336 3725 2405 3779 ad
2450 3725 2752 3780 maritalem

1696 3796 1873 3848 torum
1910 3796 2142 3848 transire
2177 3791 2288 3848 VII
2323 3795 2388 3848 97
2675 3841 2680 3846 ,

1627 3862 2004 3920 militantium.
2024 3863 2144 3916 uita
2176 3866 2259 3916 est
2291 3863 2481 3930 rapina
2516 3863 2607 3918 III
2641 3864 2709 3917 50
2737 3901 2754 3920 s

1627 3930 1780 3984 mimi
1817 3927 1895 3985 VI
1930 3930 2014 3984 24.
2049 3930 2120 3985 26
2740 3935 2750 3949 ⁸

1627 4000 1871 4054 Minerua
1906 4001 2101 4053 colitur
2136 4000 2192 4053 in
2229 3998 2457 4053 theatris
2493 4000 2572 4055 VI
2607 3999 2675 4055 60

1627 4068 2147 4136 Mogontiacensium
2182 4067 2375 4122 ciuitas
2402 4069 2572 4122 excisa
2597 4071 2756 4137 atque

1699 4136 1874 4190 deleta
1908 4140 1993 4191 est
2026 4137 2107 4193 VI
2143 4136 2214 4192 39

1626 4205 1871 4259 monachi
1917 4205 1973 4259 id
2019 4209 2100 4259 est
2147 4206 2321 4259 sancti
2366 4204 2451 4260 dei
2486 4205 2627 4260 VIII
2643 4251 2646 4254 ,
2664 4205 2754 4280 193

1696 4273 1912 4343 palliati
1966 4277 2019 4328 et
2078 4274 2273 4345 pallidi
2327 4279 2382 4329 et
2438 4275 2619 4328 recisis
2674 4288 2760 4327 co-
