3380 4919
641 285 679 348 8
1603 286 1924 342 Saluiani

640 473 880 539 talenta
923 494 1042 540 non
1084 482 1455 558 premerent,
1503 496 1645 544 cum
1690 483 1881 546 etiam
1925 484 2170 566 argenti
2215 502 2399 549 usum
2429 485 2670 569 legibus
2717 505 2886 552 coer-

643 580 898 642 cerent?
962 581 1260 661 numquid
1318 580 1650 647 illecebrae
1708 584 1772 648 et
1830 585 2191 668 cupiditatis
2250 606 2513 669 poenam
2567 592 2887 670 putabant,

644 680 804 761 quod
851 679 1130 746 distenta
1187 683 1391 747 aureis
1452 685 1726 750 nummis
1793 688 2112 769 marsupia
2174 707 2298 754 non
2355 691 2678 772 haberent,
2750 711 2892 757 cum

642 783 978 864 patricium
1023 785 1357 861 hominem,
1405 791 1565 869 quod
1610 808 1804 872 usque
1847 792 1924 855 ad
1964 792 2180 857 decem
2212 795 2458 876 argenti
2488 796 2680 861 libras
2711 795 2889 860 diues

542 876 618 941 11
642 903 772 950 esse
818 886 1151 965 uoluisset,
1211 889 1541 972 indignum
1599 893 1771 956 curia
1826 894 2215 960 iudicarent?
2304 913 2426 960 non
2470 898 2892 981 despiciebant
2934 921 2959 961 5

643 989 825 1065 tunc,
882 992 1062 1071 put0,
1119 1009 1411 1073 pauperes
1459 995 1694 1076 cultus,
1759 1014 1901 1060 cum
1946 1001 2186 1063 uestem
2243 998 2476 1064 hirtam
2522 1018 2595 1065 ac
2639 1003 2894 1067 breuem

644 1096 982 1172 sumerent,
1033 1112 1174 1159 cum
1217 1096 1293 1161 ab
1341 1097 1543 1162 aratro
1588 1104 2044 1165 arcesserentur
2089 1100 2167 1166 ad
2201 1102 2395 1166 fasces
2428 1106 2490 1167 et
2519 1103 2894 1168 inlustrandi

647 1195 864 1261 habitu
933 1198 1240 1263 consulari
1305 1199 1438 1265 illis
1506 1201 1769 1267 fortasse
1836 1203 1986 1286 ipsis
2056 1222 2206 1285 quas
2266 1205 2659 1289 adsumpturi
2714 1211 2893 1272 erant

644 1298 1076 1382 imperialibus
1113 1303 1274 1387 togis
1304 1306 1625 1371 madidum
1649 1307 1871 1371 sudore
1893 1307 2217 1390 puluerem
2247 1308 2656 1392 detergerent.
2685 1309 2894 1392 itaque

648 1402 799 1467 tunc
844 1402 943 1467 illi
986 1422 1282 1488 pauperes
1325 1409 1738 1490 magistratus
1797 1411 2156 1491 opulentam
2209 1413 2659 1494 rempublicam
2704 1413 2893 1478 habe·
2914 1438 2964 1476 ιο

648 1503 833 1583 bant,
891 1526 1054 1572 nunc
1113 1512 1324 1574 autem
1385 1510 1556 1576 diues
1611 1512 1884 1594 potestas
1942 1531 2277 1595 pauperem
2334 1514 2488 1579 facit
2544 1533 2678 1580 esse
2730 1534 2894 1580 rem-

645 1608 982 1690 publicam.
1032 1612 1093 1675 et
1138 1630 1311 1695 quae,
1358 1632 1528 1698 rogo,
1573 1604 1822 1680 insania
1846 1619 1944 1681 est
1973 1620 2083 1680 aut
2114 1636 2269 1699 quae
2312 1619 2590 1697 caecitas,
2636 1619 2708 1683 ut
2752 1636 2896 1701 ege-

552 1740 555 1743 ·
647 1715 860 1779 stuosa
918 1733 989 1779 ac
1032 1715 1425 1781 mendicante
1482 1719 1804 1802 republica
1864 1719 2118 1785 diuitias
2177 1739 2356 1803 posse
2418 1721 2679 1786 credant
2730 1721 2896 1785 stare

647 1817 974 1899 priuatas?
1019 1819 1174 1884 tales
1220 1840 1365 1904 ergo
1410 1822 1562 1887 tunc
1606 1825 1847 1889 ueteres
1879 1825 2148 1890 Romani
2189 1825 2369 1890 crant
2398 1827 2459 1889 et
2502 1826 2590 1890 sic
2619 1824 2717 1888 illi
2747 1825 2898 1889 tunc

650 1923 1129 1989 contemnebant
1175 1924 1435 1989 diuitias
1480 1927 1821 1992 nescientes
1876 1927 2091 2011 deum,
2162 1929 2326 1993 sicut
2382 1946 2543 1993 nunc
2599 1929 2898 2009 spernunt
2917 1948 2966 1988 15

549 2025 630 2091 12
650 2025 979 2111 sequentes
1025 2026 1365 2092 dominum.
1442 2047 1816 2112 quamquam
1863 2031 2011 2113 quid
2057 2049 2169 2113 ego
2216 2032 2289 2095 de
2333 2030 2466 2095 illis
2511 2030 2744 2112 loquor,
2792 2028 2900 2113 qui

651 2150 801 2197 cura
856 2130 1105 2214 imperii
1159 2133 1543 2216 propagandi
1611 2135 2042 2217 contemptum
2097 2133 2378 2219 propriae
2441 2133 2762 2199 facultatis
2821 2132 2900 2199 ad

650 2254 792 2318 opes
850 2235 1128 2318 publicas
1189 2234 1583 2301 conferebant
1627 2237 1721 2316 et,
1776 2236 1925 2301 licet
1968 2238 2262 2320 priuatim
2319 2255 2615 2320 pauperes
2672 2240 2895 2312 essent,

650 2338 891 2404 diuitiis
952 2345 1162 2405 tamen
1216 2339 1647 2406 communibus
1710 2340 2113 2406 abundabant
2135 2391 2151 2421 ,
2222 2360 2364 2405 cum
2433 2341 2622 2407 etiam
2681 2339 2900 2406 Graeci

652 2445 902 2527 quidam
936 2443 1278 2527 sapientiae
1308 2446 1643 2511 sectatores
1673 2445 1808 2511 sine
1840 2443 1968 2510 ullo
2000 2444 2286 2528 publicae
2333 2444 2630 2511 utilitatis
2674 2443 2900 2509 affectu
2919 2465 2967 2504 20

652 2565 842 2630 prope
887 2548 1055 2613 omni
1099 2568 1162 2613 se
1206 2550 1297 2614 rei
1337 2549 1664 2615 familiaris
1707 2568 1824 2613 usu
1870 2548 2289 2631 assequendae
2332 2548 2569 2631 gloriae
2600 2547 2900 2611 auiditate

654 2651 1059 2728 nudauerint‚
1117 2668 1232 2714 nec
1275 2650 1477 2713 solum
1519 2650 1663 2732 hoc,
1724 2649 1829 2714 sed
1888 2649 2079 2712 etiam
2125 2665 2315 2729 usque
2359 2646 2438 2712 ad
2481 2647 2901 2727 contemptum

657 2752 883 2817 doloris
940 2769 1013 2816 ac
1068 2753 1288 2816 mortis
1345 2752 1655 2816 doctrinae
1712 2761 1861 2815 suae
1918 2751 2163 2814 culmen
2222 2749 2556 2824 erexerint,
2626 2748 2901 2813 dicentes

654 2854 899 2920 scilicet
945 2854 1134 2918 etiam
1164 2852 1230 2917 in
1259 2854 1488 2918 catenis
1522 2854 1705 2934 atque
1743 2851 2063 2934 suppliciis
2096 2852 2347 2918 beatum
2378 2870 2511 2916 esse
2539 2852 2901 2934 sapientem.

654 2960 897 3023 tantam
941 2956 1196 3021 uirtutis
1242 2955 1368 3020 uim
1407 2975 1537 3021 esse
1570 2956 1917 3033 uoluerunt,
1964 2958 2035 3020 ut
2064 2974 2188 3021 non
2216 2954 2415 3039 possit
2444 2973 2577 3019 esse
2605 2972 2904 3036 umquam
2922 2979 2972 3018 25

656 3061 755 3125 uir
798 3062 992 3125 bonus
1036 3077 1160 3123 non
1211 3059 1454 3124 beatus
1544 3058 1596 3123 si
1653 3076 1798 3142 ergo
1856 3058 1956 3123 illi
1999 3077 2036 3124 a
2080 3057 2450 3140 quibusdam
2504 3075 2667 3122 nunc
2712 3057 2903 3122 etiam

658 3162 1038 3244 sapientibus
1084 3161 1239 3226 uiris
1283 3161 1497 3227 miseri
1541 3179 1664 3227 non
1716 3162 2049 3244 putantur,
2111 3162 2217 3244 qui
2261 3162 2466 3226 nullos
2522 3160 2751 3226 laboris
2808 3160 2905 3225 sui

657 3266 896 3333 fructus
938 3266 1061 3333 nisi
1107 3285 1179 3332 ex
1208 3267 1519 3347 praesenti
1551 3266 1802 3332 tantum
1830 3265 2011 3331 laude
2055 3265 2396 3348 capiebant,
2445 3266 2674 3349 quanto
2709 3263 2905 3346 magis

763 3529 791 3581 1
844 3529 1136 3581 coercerent
1171 3551 1224 3580 n*
1260 3528 1317 3580 et
1363 3524 1417 3578 A
1620 3523 1655 3576 3
1700 3537 1995 3590 marsupu·
2030 3537 2151 3575 cum
2197 3522 2335 3590 patr.
2383 3519 2438 3573 A
2641 3519 2676 3572 4
2731 3517 2905 3572 decem

660 3629 827 3686 usque
863 3613 933 3667 ad
967 3613 1022 3667 Β
1056 3629 1126 3667 m.
1151 3617 1183 3666 1
1369 3612 1404 3665 5
1439 3609 1668 3664 uoluisff*
1704 3624 1833 3662 num
1870 3607 2017 3662 curia
2050 3608 2105 3661 A
2295 3607 2329 3661 6
2365 3608 2567 3660 uestem
2604 3630 2656 3659 *a
2691 3607 2907 3661 breuem

660 3699 715 3753 A
919 3698 950 3751 7
1000 3699 1059 3752 in
1104 3697 1370 3752 lustrandi
1417 3697 1472 3750 A
1529 3694 1841 3750 illustrandi
1886 3694 1941 3748 Β
2147 3693 2182 3746 8
2226 3692 2500 3747 consulare
2545 3690 2601 3745 Β
2633 3708 2703 3745 m.
2741 3696 2771 3745 1

661 3787 694 3840 9
731 3784 923 3839 sudore
955 3808 1008 3837 m
1043 3785 1226 3853 itaque
1260 3783 1315 3837 A
1523 3783 1589 3836 10
1624 3779 2005 3849 rempublicam
2042 3800 2068 3829 *
2104 3794 2247 3832 nunc
2282 3777 2337 3831 A
2544 3778 2610 3831 12
2645 3778 2911 3831 insanam

662 3872 860 3926 aecitas
896 3870 951 3924 A
1156 3871 1467 3938 aegestuosa
1512 3883 1573 3922 ac
1609 3867 1905 3921 medicante
1939 3865 1989 3918 A
2200 3865 2265 3919 13
2303 3867 2446 3919 stare
2480 3890 2507 3918 ια
2540 3864 2677 3918 tales
2716 3864 2771 3916 A

666 3958 731 4013 15
777 3954 1226 4026 contempnebant
1258 3957 1388 4010 tunc
1434 3954 1489 4008 Β
1699 3954 1764 4007 16
1812 3951 1932 4020 ego]
1969 3967 2095 4020 ergo
2132 3951 2187 4003 A
2392 3951 2577 4020 loquor
2610 3975 2665 4003 ω*
2699 3946 2912 4017 imperii

661 4047 715 4099 A
889 4045 955 4099 18
978 4043 1220 4113 publicas
1244 4057 1368 4110 opes
1391 4040 1446 4094 Β
1473 4043 1546 4108 (et
1568 4038 1851 4106 Halmius)
2026 4036 2368 4093 conferebant
2385 4062 2465 4090 m
2482 4037 2693 4091 diuitiis
2718 4035 2772 4088 A

663 4132 731 4186 20
767 4130 975 4200 publice
1009 4132 1064 4184 A
1247 4124 1586 4181 utilitatibus
1626 4124 1683 4178 A
1718 4123 1812 4178 sed
1846 4122 1918 4177 bu
1942 4129 2137 4191 punct.
2327 4123 2395 4178 25
2431 4124 2546 4178 uim
2580 4119 2803 4175 uirtutis
2840 4135 2910 4173 ex

664 4218 776 4272 uim
813 4216 986 4271 uirtus
1022 4215 1077 4269 Β
1112 4229 1251 4269 corr.
1287 4230 1356 4267 m.
1393 4216 1434 4267 2
1638 4214 1873 4279 nuquam
1909 4210 2004 4264 ced
2039 4226 2075 4263 n
2105 4215 2300 4279 punct.
2337 4209 2392 4263 Β
