3380 4919
636 326 721 392 96
1613 320 1929 376 Saluiani

637 512 835 579 ullam
878 528 1012 577 rem
1070 511 1360 578 dominus
1416 509 1621 597 magis
1688 511 1893 594 posset
1959 509 2226 588 horrere,
2293 509 2373 574 ad
2423 496 2900 594 promerendam

635 617 837 682 uitam
880 619 1200 683 aeternam
1216 666 1233 694 ,
1296 615 1478 700 quasi
1518 631 1671 682 uero
1686 665 1704 695 ,
1766 614 2019 680 etiamsi
2062 613 2259 698 possit
2302 612 2399 678 his
2440 613 2630 679 rebus
2676 614 2898 698 accipi,

635 718 801 784 tanti
844 720 1008 785 esset
1053 715 1135 787 ad
1181 734 1316 785 eam
1359 736 1473 802 per
1516 716 1748 785 scelera
1787 718 1922 783 tam
1967 717 2271 783 immania
2313 718 2657 800 peruenire.

534 842 616 909 86
718 834 957 907 XVIII.
1027 839 1401 924 Intellegere
1460 855 1607 925 ergo
1667 855 2016 923 possumne,
2079 841 2190 903 aut
2233 837 2448 921 quales
2493 852 2623 903 esse
2666 837 2898 922 pagani

636 940 1013 1009 crediderint
1053 938 1462 1022 Christianos,
1517 941 1625 1026 qui
1681 940 1916 1008 talibus
1972 941 2294 1007 sacrificiis
2351 941 2539 1006 deum
2598 938 2895 1021 colerent,
2939 956 2966 999 ⁶

634 1042 745 1113 aut
790 1047 1039 1130 qualem
1083 1046 1423 1113 sollicitent
1469 1044 1657 1111 deum
1701 1046 1942 1129 ipsum,
2000 1046 2107 1130 qui
2148 1044 2303 1110 haec
2344 1062 2517 1110 sacra
2562 1042 2894 1111 docuisset.

635 1150 696 1217 et
735 1146 857 1215 hoc
902 1170 1012 1216 cur
1054 1151 1190 1216 ita?
1255 1169 1367 1217 cur
1431 1150 1650 1233 utique
1719 1147 1840 1214 nisi
1882 1148 1961 1214 ob
2022 1166 2144 1227 eos,
2215 1147 2324 1231 qui
2368 1143 2715 1214 Christiani
2763 1167 2896 1214 esse
2987 1186 2990 1189 -

634 1250 929 1319 dicuntur
973 1257 1037 1319 et
1083 1271 1208 1319 non
1273 1253 1441 1333 sunt,
1511 1255 1616 1336 qui
1683 1271 1794 1335 per
1849 1250 2094 1334 flagitia
2138 1266 2212 1317 ac
2257 1250 2685 1335 turpitudines
2751 1266 2895 1318 suas
3010 1320 3020 1355 ί

634 1373 863 1422 nomen
909 1356 1231 1441 religionis
1274 1354 1618 1435 infamant,
1667 1356 1803 1439 qui,
1848 1358 1922 1421 ut
1967 1356 2272 1438 scriptum
2320 1356 2445 1435 est,
2514 1355 2789 1422 fatentur
2832 1370 2895 1419 se
3008 1358 3020 1401 ¹*

632 1474 814 1526 nosse
880 1460 1107 1543 deum,
1156 1459 1346 1526 factis
1412 1461 1624 1526 autem
1683 1459 1929 1540 negant,
1977 1478 2118 1525 cum
2162 1460 2291 1525 sint
2333 1458 2785 1526 abominabiles
2832 1458 2895 1523 et
2915 1472 2965 1514 ιο

632 1563 955 1646 increduli,
1001 1565 1078 1629 ad
1124 1580 1305 1629 omne
1351 1566 1563 1629 autem
1610 1581 1763 1645 opus
1807 1562 2044 1628 bonum
2087 1562 2362 1646 reprobi3
2428 1582 2538 1646 per
2595 1581 2765 1647 quoS‚
2820 1563 2895 1627 ut

633 1662 919 1750 legimus,
989 1664 1095 1731 uia
1152 1665 1437 1735 ueritatis
1491 1664 1964 1748 blasphematur
2022 1666 2086 1731 et
2142 1670 2614 1731 sacrosanctum
2659 1662 2892 1730 domini

531 1766 612 1835 87
635 1771 733 1835 dei
776 1787 1003 1835 nomen
1034 1769 1481 1853 sacrilegorum
1510 1766 1836 1834 hominum
1866 1768 2305 1835 maledictione
2334 1768 2660 1834 uiolatur?
2704 1784 2892 1850 quam

633 1870 842 1956 grauis
899 1874 1109 1937 autem
1155 1888 1229 1936 ac
1274 1870 1613 1956 singularis
1670 1870 1904 1953 piaculi
1959 1872 2199 1938 malum
2255 1871 2342 1936 sit
2387 1891 2611 1937 nomen
2656 1869 2891 1935 diuini-

634 1976 785 2040 tatis
842 1974 908 2039 in
964 1973 1423 2056 blasphemiam
1482 1973 1768 2058 gentium
1824 1975 1992 2054 dare,
2054 1977 2248 2040 etiam
2289 1972 2500 2040 Dauid
2543 1971 2892 2040 beatissimi
2914 1990 2965 2032 1⁵

634 2080 959 2143 edocemur
1026 2079 1335 2160 exemplo:
1412 2079 1520 2160 qui
1591 2092 1736 2142 cum
1804 2078 2102 2161 suffragio
2176 2077 2562 2144 iustitiarum
2637 2094 2894 2143 suarum

636 2184 956 2245 aeternam
1022 2196 1132 2263 pro
1199 2180 1638 2245 offensionibus
1707 2183 1835 2246 suis
1903 2199 2165 2262 poenam
2232 2200 2342 2264 per
2408 2202 2598 2248 unam
2641 2182 2892 2247 tantum

636 2278 1083 2349 confessionem
1130 2284 1427 2349 meruerit
1484 2285 1776 2362 euadere,
1829 2283 2017 2348 huius
2062 2286 2273 2349 tamen
2319 2285 2600 2350 criminis
2644 2282 2894 2350 ueniam

634 2403 751 2452 nec
794 2404 906 2471 per
965 2386 1436 2469 paenitentiam,
1486 2389 1981 2470 patrocinantem
2047 2391 2254 2472 potuit
2317 2388 2671 2471 impetrare.
2746 2403 2893 2452 nam

634 2510 777 2557 cum
823 2489 880 2555 ei
926 2508 1161 2556 errores
1220 2489 1497 2573 proprios
1557 2489 1881 2556 confitenti
1916 2486 2205 2555 'Natham
2247 2489 2552 2574 propheta
2596 2489 2889 2557 dixisset:
2912 2508 2964 2550 ao

632 2594 1065 2660 transtulit
1110 2596 1298 2660 deus
1342 2597 1752 2679 peccatum
1798 2598 2045 2672 tuum,
2106 2611 2253 2659 non
2296 2594 2695 2672 morieris,
2742 2595 2892 2660 sub-

634 2697 795 2763 didit
849 2696 1102 2763 statim:
1158 2702 1726 2786 uerumtamen
1771 2698 1955 2780 quia
1998 2692 2565 2781 blasphemare
2607 2695 2894 2762 fecisti

633 2800 1006 2865 inimicos
1073 2799 1371 2866 domini
1434 2803 1766 2884 propter
1830 2795 2148 2866 uerbum
2203 2800 2372 2880 hoc,
2443 2798 2712 2881 filius,
2762 2801 2893 2883 qui

531 2902 714 2969 88ex
758 2908 834 2969 te
877 2906 1105 2968 natus
1151 2907 1295 2982 est,
1356 2904 1761 2969 morietur.
1840 2906 1906 2970 et
1951 2905 2101 2986 quid
2158 2908 2298 2987 post
2338 2903 2545 2970 haec?
2608 2903 2891 2988 deposito

635 3006 881 3072 scilicet
941 3005 1290 3072 diademate
1345 3007 1645 3089 proiectis
1702 3008 1988 3090 gemmiS,
2050 3009 2271 3074 exutus
2315 3009 2608 3092 purpuris
2653 3011 2892 3073 remoto
2912 3025 2963 3068 25

635 3109 808 3175 omni
851 3107 1178 3192 splendore
1220 3110 1432 3192 regiae
1474 3110 1834 3193 dignitatis,
1896 3129 2041 3176 cum
2096 3130 2203 3190 pro
2262 3112 2360 3177 his
2406 3111 2694 3177 omnibus
2741 3111 2892 3178 soli-

632 3214 831 3279 tarius
898 3233 1154 3296 gemens
1222 3213 1430 3279 clusus
1447 3264 1463 3292 ,
1533 3232 1709 3279 sacco
1778 3214 2099 3297 squalidus
2156 3214 2311 3279 fletu
2355 3216 2642 3281 madidus
2688 3216 2891 3280 cinere

634 3314 1005 3396 sordidatus,
1073 3317 1276 3383 uitam
1336 3315 1586 3401 paruuli
1651 3317 1750 3381 sui
1815 3317 1915 3382 tot
1977 3313 2504 3383 lamentationum
2572 3318 2888 3401 suffragiis

833 3495 870 3550 9
918 3493 1033 3552 Tit.
1068 3499 1118 3566 1,
1156 3498 1222 3552 16
1426 3497 1489 3551 11
1544 3495 1606 3551 11
1641 3493 1759 3555 Pet.
1796 3494 1847 3564 2,
1882 3496 1917 3549 2
2117 3495 2184 3551 21
2241 3493 2302 3552 11
2333 3493 2468 3566 Reg.
2506 3497 2587 3562 12,
2627 3498 2692 3551 13

738 3661 767 3714 1
822 3661 1000 3729 posset
1030 3675 1103 3714 ex
1134 3660 1311 3729 possit
1353 3660 1410 3714 A
1444 3675 1584 3715 corr.
1619 3676 1690 3714 m.
1727 3663 1791 3715 2:
1852 3660 2023 3730 possit
2066 3657 2123 3714 B
2329 3661 2364 3714 3
2400 3660 2659 3714 immania
2692 3676 2761 3715 ex
2793 3661 2893 3714 im-

633 3744 870 3800 maniam
902 3759 1048 3801 corr.
1092 3743 1181 3800 Τυ
1213 3761 1281 3800 m.
1305 3749 1371 3802 2.-
1424 3746 1740 3800 immaniam
1774 3747 1830 3800 ’Δ
1859 3747 1929 3800 in
1961 3761 2070 3817 quo
2096 3745 2383 3815 praecedit
2416 3747 2732 3801 sceleratam
2769 3747 2891 3815 (sic)

632 3836 685 3885 et
720 3829 777 3886 Β
958 3829 1229 3901 perueniri
1265 3829 1321 3885 B
1507 3832 1544 3886 4
1578 3831 1764 3901 quales
1800 3848 1868 3886 ex
1900 3833 2073 3901 qualis
2109 3833 2164 3886 A
2199 3848 2338 3887 corr.
2370 3849 2443 3886 m.
2467 3833 2508 3887 2
2698 3831 2766 3886 10
2801 3830 2894 3885 ab·

628 3916 992 3972 nominabiles
1026 3916 1111 3971 A·
1292 3917 1358 3973 15
1392 3916 1697 3972 beatissimi
1733 3932 1801 3972 ex
1837 3934 1945 3972 -me
1980 3918 2036 3971 A
2070 3933 2212 3973 corr.
2245 3934 2314 3971 m.
2341 3919 2383 3972 2
2589 3918 2652 3971 19
2694 3917 2894 3987 poenit.

633 4015 702 4059 ιω
736 4004 904 4072 penit.
939 4004 995 4057 A
1030 4015 1169 4058 corr.
1203 4017 1273 4059 m.
1307 4008 1344 4059 2
1534 4003 1608 4058 20
1641 4004 1844 4057 nathan
1881 4003 1937 4058 B
2131 4003 2199 4058 25
2232 4004 2405 4058 exutis
2441 4004 2497 4058 B
2689 4005 2893 4057 remoto

615 4087 940 4143 masurius.-
976 4093 1196 4143 ‘remota
1240 4086 1297 4143 B
1340 4091 1414 4159 (et
1447 4087 1562 4143 AT
1601 4088 1749 4159 quod
1794 4088 1949 4158 apud
1990 4086 2280 4144 Halmium
2326 4088 2498 4156 deest)
2723 4087 2893 4158 splen·
2994 4100 3020 4114 ⁸

618 4175 759 4229 'dore
792 4175 974 4244 regiae
1010 4174 1302 4244 dignitatis
1342 4173 1414 4231 T:
1468 4175 1769 4244 splendoris
1803 4176 1982 4245 regiae
2015 4175 2290 4246 dignitate
2325 4175 2439 4230 AB
2641 4173 2711 4229 27
2747 4175 2893 4229 clau·

634 4277 724 4314 sus
759 4260 815 4314 B
1023 4277 1169 4316 sacco
1206 4278 1272 4317 ex
1308 4277 1462 4316 saccu
1496 4262 1551 4315 A
1585 4277 1726 4318 corr.
1762 4278 1833 4317 m.
1870 4266 1907 4317 2

236 4411 769 4652 ΓΝ,

772 4649 1027 4827 x
