3380 4919
1102 285 1177 338 de
1214 284 1487 355 gubern.
1524 284 1630 339 dci
1666 285 1774 340 VII
1820 288 1850 350 ἓ
1887 285 2108 342 86-92.
2612 288 2735 354 185

479 474 675 558 igitur
722 475 802 540 ad
846 474 1094 540 laudem
1139 490 1353 540 eorum
1412 474 1563 540 haec
1608 475 1866 558 possunt
1910 474 2084 553 talia,
2146 476 2396 542 etiamsi
2438 477 2565 542 alia
2608 494 2729 542 non

481 577 706 643 dicam:
756 576 1097 644 abominati
1143 575 1312 641 enim
1357 577 1508 642 sunt
1539 578 1812 643 uirorum
1858 577 2288 662 impuritates;
2335 578 2475 661 plus
2522 580 2725 645 adhuc

480 680 673 746 addo:
719 679 1062 746 abominati
1107 680 1295 745 etiam
1340 681 1736 761 feminarum,
1783 681 2161 746 horruerunt
2204 682 2407 747 lustra
2437 699 2508 746 ac
2551 682 2729 764 lupa-

479 782 672 861 naria,
719 782 1093 849 horruerunt
1139 781 1509 847 concubitus
1555 784 1997 865 contactusque
2054 783 2476 849 meretricum.
2545 803 2727 849 num·
2748 785 2834 851 90

436 886 625 970 squid
672 886 788 952 hoc
836 885 1129 952 credibile
1173 886 1324 950 ullis
1357 886 1555 951 uideri
1584 888 1807 969 potest,
1854 887 2164 952 Romanos
2198 886 2352 952 haec
2381 887 2726 967 admisisse,

484 990 769 1056 barbaros
816 990 1173 1057 horruisse?
1218 994 1328 1056 aut
1373 991 1675 1072 numquid
1722 991 1817 1055 est
1860 994 2000 1072 post
2044 991 2183 1069 ista,
2232 1009 2389 1073 quae
2434 990 2726 1070 diximuS‚

478 1093 640 1176 quod
699 1094 826 1159 dici
878 1112 1055 1176 posse
1113 1094 1446 1158 uideatur?
1514 1095 1620 1157 sed
1678 1095 1774 1158 est
1819 1095 2030 1159 tamen
2074 1095 2137 1160 et
2179 1094 2382 1159 multo
2426 1096 2569 1177 plus
2617 1098 2727 1158 est.

477 1214 624 1261 nam
670 1196 833 1278 quod
877 1196 1106 1263 uitasse
1152 1214 1252 1261 eos
1298 1214 1394 1261 res
1441 1194 1651 1261 foedas
1712 1196 1995 1273 diximuS‚
2061 1199 2267 1260 minus
2315 1200 2450 1274 est;
2522 1200 2727 1279 potest

478 1299 644 1363 enim
711 1300 848 1380 quis
914 1298 1239 1363 inhonesta
1304 1299 1573 1380 horrere,
1641 1315 1764 1362 non
1832 1298 2080 1363 tollere:
2148 1298 2302 1363 illud
2373 1301 2586 1383 magni
2655 1317 2727 1363 ac

406 1425 455 1464 ιο
474 1400 808 1484 singularis
867 1403 962 1467 est
1017 1400 1247 1482 meriti,
1308 1420 1429 1465 non
1487 1402 1689 1465 solum
1748 1402 1955 1483 ipsum
2006 1403 2147 1466 labe
2192 1421 2314 1466 non
2360 1403 2572 1486 pollui,
2620 1405 2727 1469 sed

473 1504 796 1588 prouidere
842 1507 1030 1570 etiam
1074 1524 1152 1570 ne
1196 1523 1491 1587 umquam
1537 1504 1649 1569 alii
1701 1504 2078 1586 polluantur.
2145 1509 2503 1587 procurator
2561 1507 2726 1570 enim

475 1613 570 1673 est
614 1608 1064 1690 quodammodo
1110 1606 1328 1672 salutis
1376 1608 1703 1683 humanae,
1752 1606 1857 1689 qui
1903 1627 2022 1671 non
2068 1608 2320 1672 tantum
2352 1607 2414 1671 id
2452 1607 2605 1690 agit,
2652 1612 2724 1673 ut

471 1711 608 1792 ipse
670 1710 864 1775 bonus
919 1711 1022 1788 sit,
1081 1712 1185 1775 sed
1245 1710 1481 1774 efficere
1527 1713 1590 1773 et
1633 1711 1751 1774 hoc
1811 1708 2060 1788 nititur,
2118 1714 2190 1774 ut
2236 1710 2345 1773 alii
2392 1711 2548 1774 mali
2593 1728 2724 1776 esse

474 1813 803 1880 desistant.
877 1817 1112 1899 grande
1159 1817 1254 1880 est
1298 1814 1587 1898 profecto,
1653 1815 1817 1901 quod
1865 1815 2146 1892 dicimus,
2218 1816 2451 1900 grande
2496 1833 2569 1879 ac
2613 1833 2718 1879 su·
2743 1821 2822 1886 91

405 1941 455 1982 15
472 1915 878 1999 pereminens,
938 1916 1076 2000 quis
1123 1916 1317 1982 credit
1348 1916 1688 1982 Wandalos
1732 1917 1802 1981 in
1846 1917 2208 1983 ciuitatibus
2255 1917 2557 1982 Romanis
2601 1917 2723 1982 ista

471 2018 747 2084 fecisse?
790 2021 1029 2085 remota
1074 2021 1297 2104 quippe
1343 2021 1439 2084 est
1483 2019 1564 2084 ab
1611 2019 1741 2084 illis
1788 2021 2074 2087 omnibus
2120 2020 2322 2085 carnis
2368 2020 2720 2103 impuritas,

471 2127 540 2189 at
585 2125 888 2207 quomodo
953 2125 1237 2189 remota?
1303 2142 1425 2189 non
1480 2124 1643 2188 sicut
1708 2124 2013 2188 remoueri
2071 2122 2283 2206 aliqua
2343 2142 2380 2186 a
2424 2124 2721 2187 Romanis

472 2227 692 2306 solent,
752 2227 860 2309 qui
914 2227 1207 2290 statuunt
1261 2245 1384 2291 non
1428 2225 1761 2290 furandum
1808 2229 1871 2290 et
1915 2225 2224 2304 furantur,
2274 2225 2380 2307 qui
2428 2228 2721 2290 statuunt

472 2348 594 2394 non
649 2330 1131 2395 adulterandum
1190 2329 1252 2391 et
1308 2327 1491 2409 primi
1548 2327 1925 2392 adulterant.
1999 2326 2289 2409 quamuis
2349 2346 2541 2410 paene
2600 2347 2721 2393 non

401 2459 453 2501 κο
471 2432 704 2517 possim
752 2434 968 2516 dicere,
1016 2431 1178 2516 quod
1224 2430 1540 2508 furentum
1590 2448 1713 2494 non
1745 2432 1908 2496 enim
1939 2431 2086 2496 sunt
2114 2448 2272 2513 quae
2303 2435 2501 2513 agunt
2530 2431 2717 2512 furta,

470 2537 577 2601 sed
631 2538 976 2602 latrocinia.
1050 2534 1233 2619 punit
1291 2535 1458 2599 enim
1518 2536 1698 2598 iudex
1756 2535 1822 2599 in
1865 2532 1986 2598 alio
2032 2534 2507 2617 peculationem‚
2578 2553 2720 2601 cum

470 2641 554 2704 sit
598 2639 732 2722 ipse
779 2639 1111 2723 peculator,
1171 2638 1354 2722 punit
1396 2639 1696 2720 rapinam,
1757 2658 1900 2703 cum
1944 2641 2074 2722 ipse
2121 2638 2206 2703 sit
2250 2643 2477 2722 raptor,
2538 2640 2719 2723 punit

470 2742 786 2819 sicarium,
833 2762 976 2807 cum
1021 2741 1152 2822 ipse
1195 2740 1278 2804 sit
1322 2741 1648 2825 gladiator,
1692 2742 1873 2825 punit
1905 2742 2257 2807 effractores
2302 2743 2718 2808 claustrorum

469 2849 533 2911 et
577 2846 897 2924 ostiorum,
956 2864 1099 2911 cum
1156 2843 1241 2909 sit
1285 2843 1418 2926 ipse
1463 2863 1711 2910 euersor
1763 2846 2034 2923 urbium,
2093 2847 2275 2927 punit
2319 2847 2720 2928 expoliatores

399 2970 452 3013 π
471 2949 814 3032 domorum,
884 2967 1028 3014 cum
1073 2949 1157 3015 sit
1211 2948 1345 3030 ipse
1413 2948 1752 3032 expoliator
1817 2950 2299 3032 prouinciarum.
2377 2949 2561 3034 atque
2606 2951 2719 3016 hoc
2739 2955 2822 3022 92

571 3187 598 3240 1
636 3187 773 3241 talia
806 3187 1073 3252 B(Ttv)=
1128 3186 1228 3240 tali
1263 3187 1359 3242 sed
1382 3188 1611 3255 punctis
1644 3189 1942 3256 simpositis
1977 3188 2032 3242 A
2073 3188 2209 3242 talia
2239 3190 2459 3245 uncinis
2492 3190 2719 3244 inclusit

465 3273 724 3328 Halmius
758 3273 873 3340 sed,
914 3278 1083 3341 pute,
1122 3272 1430 3328 Saluianus
1464 3273 1708 3327 consulto
1744 3273 1994 3340 addidit,
2042 3280 2106 3328 ut
2139 3290 2302 3343 saepe
2336 3275 2479 3329 alias
2505 3291 2715 3343 prono-

465 3358 706 3414 minibus
753 3359 840 3413 hic
877 3365 928 3413 et
964 3357 1057 3427 qui
1093 3358 1185 3427 (cs.
1222 3365 1271 3423 §-
1310 3362 1435 3413 104:
1490 3358 1616 3411 haec
1657 3359 1797 3412 talia
1832 3359 2256 3428 praedicantem:
2312 3360 2473 3414 IIII
2500 3364 2596 3415 41:
2651 3360 2717 3413 ad

465 3460 598 3513 quos
633 3444 820 3513 utique
854 3444 992 3498 tales
1027 3444 1166 3499 alias
1200 3460 1257 3498 u.
1295 3444 1421 3499 Ind.
1462 3443 1584 3497 ΙΙΙ
1617 3459 1659 3498 s.
1696 3460 1755 3499 u.
1791 3445 1943 3514 talis)
1991 3451 2044 3500 et
2082 3452 2377 3513 praeterea
2421 3462 2568 3500 more
2616 3462 2716 3501 suo

463 3530 594 3585 lusit
627 3530 777 3593 talia,
825 3530 933 3583 alia
1136 3530 1172 3583 5
1217 3530 1345 3583 ullis
1395 3529 1586 3599 uideri]
1623 3530 1726 3584 ulli
1760 3530 1976 3584 suadere
2014 3534 2171 3597 (corr.
2208 3548 2277 3585 m.
2314 3534 2355 3587 2
2393 3532 2487 3598 -ri)
2523 3532 2579 3585 A

464 3615 495 3668 7
530 3631 682 3684 posse
715 3615 894 3669 uidam
928 3615 1019 3669 sed
1041 3616 1160 3684 (sic)
1196 3615 1251 3669 A
1421 3616 1526 3684 eet]
1563 3617 1644 3673 ’ἐν
1681 3616 1745 3670 in
1777 3616 1872 3683 fin.
1908 3616 1943 3671 l.
1979 3618 2183 3685 (tertio)
2219 3617 2275 3671 A
2449 3618 2515 3672 12
2550 3618 2716 3687 quod-

463 3700 689 3756 admodo
725 3702 821 3756 sed
856 3701 891 3754 d
925 3701 1058 3757 med.
1100 3707 1293 3770 punct.
1340 3702 1395 3754 A
1602 3702 1668 3755 13
1716 3703 1771 3755 et
1806 3718 1905 3757 om.
1952 3703 2007 3757 B
2215 3707 2271 3757 et
2307 3703 2407 3757 hoc
2442 3703 2581 3758 niu*
2616 3705 2715 3758 alii

462 3789 519 3841 A
713 3786 781 3841 14
815 3787 978 3856 grado
1013 3787 1066 3842 A
1263 3787 1328 3841 15
1364 3788 1535 3842 credit
1568 3789 1624 3841 A
1659 3788 1826 3857 (quod
1862 3788 2018 3858 apud
2052 3788 2339 3844 Halmium
2373 3790 2571 3859 deest):
2609 3806 2715 3846 cre-

463 3874 560 3927 dat
594 3873 929 3928 BHalmius
1138 3872 1202 3925 17
1238 3872 1308 3927 ad
1341 3888 1383 3927 s.
1418 3889 1524 3930 scr.
1560 3891 1630 3928 m.
1667 3878 1704 3929 2
1738 3877 1765 3927 t
1810 3875 1866 3929 A
2073 3875 2140 3931 18
2184 3876 2613 3944 qui—furantur
2661 3879 2715 3933 B

454 3964 583 4027 post
618 3958 923 4012 adulterant
957 3958 1114 4012 habet
1317 3957 1388 4012 20
1421 3961 1623 4028 possim
1663 3961 1753 4015 Tv
1787 3966 1839 4015 et
1875 3960 2023 4016 edd.:
2077 3970 2235 4029 posssi
2270 3964 2327 4016 A
2377 3978 2588 4031 possum
2609 3946 2713 4033 'B,·

462 4045 535 4112 cf.
572 4043 821 4099 Iudicem
856 4044 968 4098 ΙΙΙ
992 4059 1033 4098 s.
1068 4060 1124 4098 u.
1171 4043 1417 4112 quamuis
1619 4046 1683 4100 21
1739 4046 1798 4100 in
1852 4048 1934 4101 al»
1988 4049 2317 4116 pecuhtune
2370 4049 2427 4101 A
2480 4049 2561 4116 (in
2607 4050 2713 4104 alio

462 4128 848 4197 peculationem
901 4129 979 4198 B)
1187 4129 1255 4182 23
1302 4130 1560 4185 secarium
1605 4131 1716 4187 AB
1920 4133 1995 4187 sit
2043 4134 2157 4203 ipse
2202 4134 2475 4204 gladiator
2518 4135 2575 4190 B

463 4213 744 4268 efractores
779 4215 835 4267 A
1040 4215 1110 4268 24
1144 4214 1442 4274 hostiorum
1476 4216 1584 4270 AB
1790 4219 1859 4275 25
1893 4220 2281 4289 prouintiarum
2316 4221 2372 4277 A
