3380 4919
603 366 747 423 VIII

606 553 974 630 censendo
1027 552 1519 628 adhibitorum
1557 565 1628 627 et
1661 552 1789 626 uia
1839 552 1919 627 in
1971 552 2498 629 constituendis
2541 550 2870 628 Saluiani

603 674 856 750 uerbis
910 699 956 747 a
1010 698 1130 748 me
1181 671 1364 746 inita
1415 683 1891 748 monstretur.

707 827 947 928 Igitur
999 853 1186 927 quos
1241 824 1543 901 adhibui

827 966 921 1039 in
973 961 1268 1038 libris
1322 962 1501 1037 VIII
1558 962 1664 1038 de
1718 960 2437 1061 gubernatione
2492 961 2645 1038 dei

602 1105 895 1182 codices
946 1101 1027 1175 hi
1079 1111 1286 1176 sunt:

678 1242 751 1315 A
808 1274 922 1331 :r
959 1240 1190 1316 codex
1256 1236 1722 1315 corbeiensis
1789 1263 1992 1313 nunc
2051 1237 2427 1313 Parisinus
2479 1265 2551 1312 n.
2615 1238 2872 1313 13385

808 1384 996 1434 saec.
1032 1357 1124 1450 X,
1181 1355 1514 1432 omnium
1571 1360 1946 1455 quotquot
1979 1355 2473 1431 ‘innotuerunt
2527 1356 2866 1432 codicum

808 1492 880 1554 et
915 1477 1467 1577 antiquissimus
1505 1488 1577 1551 et
1614 1476 1959 1577 optimus.
2006 1476 2166 1577 ipse
2189 1489 2369 1577 post
2404 1476 2863 1552 Halmium

808 1597 1110 1674 contuli.
1206 1596 1634 1671 nitidissime
1704 1596 1946 1697 prima
2016 1622 2242 1670 manu
2314 1609 2654 1672 exaratus
2710 1621 2872 1671 sex-

810 1718 1036 1794 centis
1091 1717 1273 1794 locis
1328 1717 1612 1815 antiqui
1654 1743 1751 1791 ne
1788 1716 2030 1793 dicam
2066 1717 2395 1817 aequalis
2435 1717 2865 1792 correctoris

807 1864 1023 1915 curas
1078 1848 1417 1938 expertus
1457 1848 1567 1912 est
1605 1835 1854 1911 dedita
1899 1863 2126 1936 opera
2161 1848 2234 1911 et
2286 1837 2866 1912 fructuosissime

805 1959 884 2032 in
968 1983 1053 2033 eo
1136 1958 1432 2057 negotio
1524 1945 1836 2047 uersati3
1932 1956 2278 2032 uidelicet
2359 1957 2562 2031 haud
2632 1981 2867 2057 pauca

807 2076 986 2151 olim
1052 2076 1559 2151 aberratione
1576 2066 1978 2150 oculorum
2048 2076 2319 2150 omissa
2387 2076 2461 2149 in
2528 2102 2693 2153 mar
2692 2075 2876 2175 gine

805 2196 1090 2290 adiecit,
1145 2195 1513 2294 permulta
1557 2221 1750 2294 quae
1803 2196 2044 2295 prima
2095 2222 2361 2270 manus
2419 2182 2676 2296 utpote
2728 2182 2870 2271 lin-

804 2310 998 2416 guae
1051 2316 1323 2391 latinae
1375 2341 1470 2389 ne
1521 2316 1991 2391 mediocriter
2028 2304 2350 2415 quidem,
2401 2328 2491 2391 ‘ut
2542 2316 2862 2412 uidetur,

800 2436 1040 2538 perita
1092 2436 1576 2513 litteris‘falso
1626 2435 2038 2518 distributis
2078 2436 2179 2532 (in
2216 2436 2628 2540 archetypo
2665 2438 2873 2513 enim³

804 2559 1159 2658 singulae
1190 2583 1413 2633 uoces
1468 2559 1707 2657 spatio
1762 2558 1955 2632 inter
1997 2583 2076 2632 se
2128 2582 2371 2634 uacuo
2411 2559 2732 2634 caruisse
2787 2558 2868 2630 in

802 2689 1059 2778 aperto
1148 2677 1287 2779 est)
1387 2677 1741 2775 produxit
1825 2701 2006 2750 uera
2091 2702 2363 2751 uocum
2464 2676 2874 2751 latinarum·

804 2807 1139 2872 monstra
1204 2796 1536 2889 remouit,
1607 2794 2179 2895 interpungendi
2252 2795 2615 2869 rationem
2682 2795 2873 2871 scite

807 2914 1140 3002 correxit.
1220 2914 1480 2989 tertiae
1547 2912 1864 3011 denique
1931 2938 2197 3008 manus
2253 2914 2557 3051 eius-que
2609 2940 2648 2986 1·
2653 2940 2865 2991 ecen·

802 3035 1131 3136 tissimae
1183 3033 1814 3136 temptaminibus,
1874 3033 2319 3142 paucissima
2362 3034 2424 3109 si
2462 3035 2862 3164 exceperiS,

800 3131 1316 3266 infelieisSimis
1371 3164 1458 3229 ut
1511 3165 1954 3262 apparatum.
1990 3154 2324 3231 criticum
2377 3159 2766 3232 onerarem
2820 3182 2872 3231 a
2909 3203 2913 3207 Δ

754 3260 763 3266 ’
802 3302 924 3351 me
974 3275 1349 3376 inpetrare
1401 3302 1554 3350 non
1608 3275 1859 3376 potui3
1936 3257 2304 3352 secundae
2357 3303 2537 3352 uero
2581 3299 2867 3351 manus

806 3396 926 3497 (m.
968 3394 1044 3497 2)
1098 3393 1346 3471 uarias
1390 3391 1818 3518 scripturas
1847 3397 1999 3508 fere
2049 3397 2375 3497 integras
2429 3397 2801 3473 adnotaui.

672 3517 750 3610 Β
804 3566 897 3601 -=
940 3532 1181 3630 codex
1204 3513 1718 3638 Bruxeliensis
1753 3561 1825 3610 n.
1871 3538 2118 3632 10628
2176 3561 2365 3615 saec.
2405 3536 2597 3612 XIII
2644 3561 2874 3635 quem

805 3678 977 3729 cum
1029 3663 1122 3746 ut
1166 3653 1325 3753 ipse
1367 3653 1787 3758 excuterem
1823 3681 1976 3762 non
2009 3638 2502 3760 contingeret,
2549 3629 2623 3729 id
2662 3656 2883 3758 quod'

802 3772 1126 3880 primum
1204 3751 1680 3870 uehementer
1761 3774 1938 3874 dein
2010 3776 2257 3866 minus
2329 3775 2695 3870 dolebam,
2769 3776 2861 3853 O.

721 3890 868 3970 Κ
889 3890 1152 3990 eller,
1214 3893 1371 3990 uir
1410 3871 1593 3970 mihi
1645 3892 2164 3998 amicissimuS,
2230 3898 2644 3992 occasione
2671 3898 2878 3984 forte,

802 4010 1048 4087 oblata
1101 4011 1418 4113 inspexit
1470 3993 1602 4089 sed
1654 4040 1806 4089 non
1857 4015 2232 4113 integrum
2287 4017 2614 4112 contulit,
2688 4017 2860 4115 quia

801 4156 956 4206 non
1007 4132 1252 4232 potuit
1302 4159 1456 4209 non
1511 4133 1653 4209 sibi
1703 4134 2154 4234 persuadere
2208 4134 2291 4214 O
2351 4136 2863 4232 Foltzium,

803 4250 933 4351 qui
985 4251 1062 4325 in
1120 4250 1204 4328 O.
1262 4252 1637 4359 Halmii
1683 4280 1904 4330 usum
1956 4251 2305 4355 {eiusdem
2359 4237 2632 4336 codicis
2688 4281 2880 4352 con-p
