3380 4919
620 301 745 366 302
1587 297 1909 351 Saluiani

629 489 809 570 quasi
852 487 1176 551 umbratili
1223 490 1487 568 quadam
1534 487 1875 551 adiectione
1923 490 2223 552 conantur
2280 486 2557 551 dicentes
2605 491 2881 563 cunctoS‚

623 591 730 672 qui
787 590 1044 654 credant
1102 589 1318 669 deum,
1384 607 1562 653 sanos
1620 591 1876 654 tantum
1930 588 2115 671 atque
2170 588 2514 655 incolumes
2573 589 2882 655 officiosos

623 692 871 759 Christo
916 711 1049 758 esse
1095 692 1336 771 debere,
1398 694 1672 757 ceterum
1729 691 1859 755 iam
1906 692 2195 756 exeuntes
2241 710 2273 756 e
2318 692 2563 757 saeculo
2611 693 2880 759 carnalis

622 796 821 879 magis
879 795 1363 879 propinquitatis
1421 813 1606 877 quam
1666 795 1863 861 diuini
1922 793 2113 859 officii
2174 801 2454 876 oportere
2499 796 2879 861 meminisse.

624 903 802 983 quasi
858 918 1000 964 uero
1059 900 1337 964 homines
1384 897 1773 964 Christianos
1830 899 1983 963 alios
2030 917 2164 962 esse
2211 901 2494 979 oporteat
2537 899 2880 965 incolumes
2929 922 2955 964 ⁵

622 1005 774 1070 alios
834 1006 908 1069 de
965 1003 1081 1068 hoc
1136 1002 1378 1067 saeculo
1436 1003 1811 1078 recedentes,
1874 1006 1938 1067 et
1994 1002 2147 1066 alios
2191 1020 2255 1065 se
2316 1003 2524 1066 cuncti
2585 1002 2879 1069 exhibere

625 1104 869 1171 Christo
915 1104 1182 1170 debeant
1228 1104 1294 1168 in
1340 1105 1637 1186 sospitate
1685 1104 1841 1168 alios
1891 1105 1954 1167 in
2002 1105 2221 1183 morte,
2269 1104 2422 1169 alios
2469 1105 2533 1169 in
2569 1108 2879 1190 superiore

566 1209 758 1274 4uita
812 1210 967 1275 alios
1026 1211 1090 1273 in
1147 1208 1505 1291 posteriore.
1584 1210 1746 1289 quod
1801 1207 1856 1271 si
1913 1207 2008 1271 ita
2064 1211 2158 1271 est
2216 1225 2359 1291 ergo
2429 1209 2701 1273 alterum
2745 1213 2881 1292 quis

625 1311 954 1376 habiturus
987 1313 1085 1376 est
1116 1310 1435 1376 Christum
1466 1311 1713 1376 inuenis
1746 1311 2013 1374 alterum
2045 1329 2245 1392 senex,
2294 1314 2356 1375 et
2391 1312 2625 1376 totiens
2657 1314 2881 1378 debent

626 1415 903 1479 homines
960 1416 1267 1479 demutari
1323 1413 1443 1478 fide
1500 1412 1782 1494 quotiens
1839 1412 2244 1477 demutantur
2303 1417 2530 1479 aetate.
2605 1415 2659 1479 si
2717 1417 2883 1479 enim
2908 1439 2960 1479 ιο

628 1536 776 1600 erga
834 1517 934 1581 dei
991 1518 1228 1582 cultum
1290 1517 1448 1580 alter
1510 1516 1826 1599 quispiam
1872 1515 2120 1580 futurus
2170 1517 2261 1581 est
2304 1517 2528 1600 uigens
2576 1518 2737 1583 alter
2781 1519 2880 1583 in-

627 1620 863 1698 firmus,
930 1622 1091 1685 alter
1149 1638 1333 1684 sanus
1389 1621 1549 1684 alter
1603 1623 1950 1702 aegrotans,
2013 1638 2157 1702 ergo
2214 1625 2397 1702 prout
2444 1623 2644 1686 status
2692 1621 2881 1686 fuerit

628 1724 887 1787 humani
948 1724 1217 1805 corporis
1272 1724 1638 1806 inaequaliS,
1698 1724 1789 1787 ita
1846 1725 1967 1788 erit
2023 1723 2265 1788 homini
2322 1726 2510 1791 etiam
2558 1727 2707 1790 deus
2752 1727 2885 1808 ipse

629 1826 970 1903 mutabilis,
1042 1831 1102 1890 et
1171 1826 1456 1906 quotiens
1525 1826 1719 1891 fuerit
1778 1829 1843 1891 in
1902 1828 2149 1893 homine
2205 1830 2487 1894 ualitudo
2557 1829 2883 1911 contraria,

630 1929 861 1994 totiens
921 1927 1040 1992 erit
1097 1928 1288 1992 etiam
1347 1930 1569 2011 religio
1627 1930 1907 1995 diuersa:
1967 1933 2143 2012 quasi
2203 1950 2349 1996 uero
2399 1932 2506 2014 qui
2548 1933 2886 1997 incolumes
2907 1954 2958 1995 15

569 2030 865 2101 5Christi
930 2050 1062 2095 esse
1130 2032 1355 2097 debent
1420 2033 1755 2099 morientes
1803 2032 2036 2099 Christi
2095 2054 2223 2099 esse
2283 2053 2404 2098 non
2464 2037 2743 2101 debeant.
2822 2038 2885 2098 et

632 2135 737 2199 ubi
768 2134 928 2197 illud
961 2136 1086 2198 est:
1137 2135 1269 2216 qui
1314 2137 1958 2218 perseuerauerit
2003 2139 2081 2202 in
2126 2137 2400 2221 finem,
2449 2138 2572 2202 hic
2617 2137 2888 2202 saluus

633 2237 829 2315 erit,
877 2240 987 2302 aut
1031 2238 1190 2302 illud
1234 2237 1300 2301 in
1344 2239 1693 2318 prouerbiis
1739 2240 1932 2304 sacris
1964 2240 2164 2306 diuini
2197 2240 2501 2305 sermonis
2533 2240 2886 2305 oraculum:

633 2340 1042 2421 sapientia
1087 2340 1163 2404 in
1210 2343 1431 2406 exitu
1479 2342 1840 2408 canitur?
1900 2362 2018 2426 quo
2066 2345 2282 2427 utique
2329 2344 2695 2420 ostenditur,
2741 2343 2891 2407 licet

633 2441 900 2508 salubris
947 2444 1031 2508 sit
1076 2445 1141 2508 in
1184 2444 1354 2509 omni
1400 2446 1603 2510 aetate
1650 2446 1979 2529 sapientia,
2038 2449 2364 2530 praecipue
2422 2450 2636 2512 tamen
2680 2464 2961 2511 omneszo

634 2544 701 2609 in
748 2547 918 2611 exitu
963 2565 1073 2611 suo
1119 2548 1341 2613 debere
1386 2568 1516 2614 esse
1563 2550 1897 2631 sapientes,
1945 2552 2092 2632 quia
2136 2552 2379 2615 laudari
2424 2552 2668 2631 penitus
2710 2568 2890 2630 prae-

635 2652 857 2715 teritae
917 2652 1138 2716 aetatis
1196 2654 1525 2733 prudentia
1581 2670 1702 2717 non
1763 2654 2125 2733 merebitur,
2184 2656 2306 2718 nisi
2352 2655 2509 2719 bono
2555 2653 2675 2718 fine
2723 2653 2892 2716 clau-

576 2755 852 2837 6datur3
911 2754 1218 2837 sapientia
1274 2757 1439 2821 enim
1497 2756 1564 2820 in
1631 2756 1799 2820 exitu
1859 2757 2121 2822 canitur.
2200 2776 2307 2821 cur
2366 2775 2498 2821 eam
2556 2774 2677 2820 non
2737 2755 2892 2819 dixit

843 2941 908 2994 17
945 2940 1142 2994 Matth.
1182 2941 1262 3003 10,
1299 2941 1367 2994 22
1571 2942 1636 2994 19
1676 2941 1834 2997 Pron.
1873 2942 1919 3008 1,
1958 2941 2025 2994 20

739 3110 773 3162 2
809 3109 1028 3164 credant
1055 3110 1171 3177 (sic)
1207 3111 1262 3162 A
1299 3114 1412 3177 (p):
1461 3109 1681 3163 credunt
1719 3110 1772 3163 Β
1959 3111 1992 3164 3
2029 3111 2074 3179 e]
2110 3126 2171 3163 ae
2205 3110 2261 3164 A
2316 3126 2348 3163 a
2383 3110 2435 3163 Β
2622 3112 2655 3164 6
2692 3110 2897 3164 exibere

636 3197 692 3251 Β
865 3196 895 3248 7
934 3212 987 3248 se
1014 3199 1255 3263 (punct.)
1283 3195 1507 3249 debeant
1542 3195 1598 3249 Β
1772 3196 1838 3250 10
1873 3196 2143 3249 demutari
2169 3213 2233 3249 ecc
2272 3212 2354 3250 -re
2380 3212 2515 3251 corr.
2539 3214 2608 3250 m.
2636 3189 2761 3250 2³13

640 3285 706 3337 14
741 3283 992 3336 ualetudo
1030 3298 1096 3335 ex
1131 3281 1296 3334 ualit-
1334 3298 1472 3336 corr.
1510 3298 1578 3334 m.
1607 3284 1643 3335 2
1678 3283 1732 3334 A
1925 3282 1990 3335 18
2025 3281 2225 3335 diuini*
2258 3297 2395 3335 eras.
2433 3298 2458 3333 s
2494 3281 2548 3334 A
2738 3283 2804 3335 19
2838 3283 2897 3335 in

639 3371 788 3423 exitu
825 3368 1056 3437 canitur]
1093 3368 1192 3422 ‘est
1214 3369 1361 3434 falsa
1384 3368 1767 3435 interpretatio
1792 3367 2086 3421 uerborum
2110 3372 2287 3436 σοφία
2312 3369 2371 3421 ἐν
2398 3367 2613 3427 ἐξόδοις
2638 3367 2896 3436 ὑμνεῖται

642 3455 828 3524 (Vuly.
876 3454 1141 3522 sapientia
1183 3455 1316 3508 foris
1364 3453 1679 3523 praedicat)’
1734 3453 1999 3507 Halmius
2201 3453 2270 3507 23
2326 3453 2590 3521 sapientia
2611 3485 2654 3492 -
2680 3454 2895 3507 canitur

641 3559 740 3598 om.
784 3559 860 3610 p,-
916 3541 1156 3609 sequitur
1200 3540 1404 3595 deinde
1448 3541 1514 3593 in
1552 3557 1597 3608 p
1643 3545 1697 3593 et
1744 3538 1865 3593 edd.
1904 3543 2034 3592 ante
2070 3538 2385 3592 Halmium:
2441 3538 2660 3603 sufficit,
2715 3540 2895 3608 inquit

641 3626 898 3694 pestilens
943 3624 1284 3694 praedicati0‚
1333 3624 1535 3678 sufficit
1582 3624 1936 3692 praeteritum
1974 3638 2105 3691 opus
2142 3624 2362 3688 homini,
2411 3624 2576 3677 etiam
2613 3624 2659 3676 si
2695 3624 2752 3676 in
2790 3624 2897 3677 fine

642 3712 783 3765 nihil
820 3713 999 3765 faciat.
1054 3727 1154 3779 ego
1201 3711 1373 3764 multo
1409 3711 1532 3779 plus
1570 3710 1727 3775 addo,
1777 3714 1871 3763 aut
1906 3725 2014 3761 non
2050 3709 2226 3762 minus
2262 3710 2355 3774 eis,
2409 3710 2456 3762 si
2491 3712 2685 3777 potest,
2726 3713 2898 3764 morte

645 3798 838 3863 uicina,
891 3800 987 3850 aut
1041 3800 1181 3849 certe
1236 3797 1354 3863 plus
1407 3798 1580 3850 multo
1633 3811 1748 3849 esse
1792 3794 2112 3848 faciendum.
2172 3796 2423 3863 primum,
2481 3796 2609 3862 quia
2658 3796 2721 3848 de
2758 3797 2898 3849 bono

646 3899 798 3951 opere
843 3882 984 3935 nihil
1030 3883 1189 3936 nimis
1236 3885 1332 3938 est.
1397 3882 1587 3935 deinde
1632 3881 1773 3949 quod
1811 3880 1879 3934 ad
1915 3880 2157 3934 tribunal
2193 3880 2277 3933 dei
2315 3896 2537 3948 pergens
2574 3880 2747 3947 magis
2783 3882 2899 3949 pla·

646 3984 762 4022 care
809 3968 1038 4020 iudicem
1075 3967 1245 4033 debet,
1294 3970 1445 4037 quasi
1481 3969 1588 4021 iam
1627 3968 1686 4020 in
1724 3968 1921 4021 iudicio
1941 3969 2302 4020 constitutus.
2364 3970 2629 4034 postremo
2678 3966 2818 4034 quod
2853 3968 2901 4019 si

647 4054 829 4122 aliqua
862 4057 988 4106 ante
1024 4055 1226 4107 exitum
1264 4052 1402 4107 bona
1439 4053 1580 4118 fecit,
1618 4054 1790 4106 multo
1826 4053 2003 4121 magis
2027 4052 2194 4105 facere
2220 4052 2326 4104 iam
2352 4053 2408 4104 in
2434 4052 2579 4104 exitu
2606 4068 2699 4104 suo
2725 4051 2899 4117 debet,

647 4157 713 4194 ne
751 4139 979 4193 deterior
1016 4139 1221 4193 scilicet
1257 4139 1616 4208 superioribus
1642 4138 1790 4192 uitae
1814 4136 2022 4191 actibus
2047 4137 2173 4190 finis
2200 4153 2310 4190 esse
2332 4136 2595 4190 uideatur.
2647 4137 2693 4189 si
2720 4140 2899 4191 autem

649 4229 774 4280 ante
812 4227 956 4290 (ante
992 4240 1089 4278 om.
1128 4226 1208 4279 ed.
1247 4226 1462 4290 Baluz.)
1500 4226 1654 4279 bonis
1700 4224 1949 4293 operibus
1996 4240 2182 4291 parum
2230 4222 2456 4287 studuit,
2508 4221 2677 4275 multo
2714 4224 2901 4290 utique
