3380 4919
684 288 808 354 134
1645 283 1957 338 Saluiani

684 477 879 541 credit
924 478 1053 556 deo,
1103 475 1168 539 et
1212 474 1349 538 ideo
1396 472 1503 556 qui
1546 471 1888 537 reuertitur
1918 472 1995 536 ad
2042 470 2361 537 diabolum
2395 472 2696 555 relinquit
2726 473 2939 538 deum.

681 576 960 643 diabolus
1006 581 1218 641 autem
1261 576 1330 641 in
1374 576 1750 658 spectaculis
1798 575 1898 640 est
1943 576 2005 639 et
2041 574 2283 656 pompis
2329 575 2475 655 suis,
2524 592 2597 640 ac
2643 594 2751 656 per
2798 575 2931 654 hoc,

681 699 823 745 cum
868 677 1143 743 redimus
1190 679 1269 744 ad
1315 680 1671 762 spectacula
1715 677 1971 757 diaboli,
2018 678 2428 760 relinquimus
2458 678 2647 743 fidem
2678 677 2942 745 Christi..

678 781 797 848 hoc
862 783 1074 865 itaque
1143 783 1326 847 modo
1394 782 1603 848 omnia
1665 780 1934 864 symboli
2002 782 2391 846 sacramenta
2448 781 2797 856 soluuntur‚
2870 784 2935 846 et

681 886 887 950 totum
932 885 1095 967 quod
1139 884 1207 948 in
1253 885 1532 970 symbolo
1577 886 1875 968 sequitur,
1924 883 2341 949 labefactatur
2388 889 2448 949 et
2492 886 2710 960 nutat3
2778 884 2933 949 nihil
2976 908 3014 949 ⁵

577 989 662 1054 34
681 989 850 1055 enim
893 1006 1154 1072 sequens
1217 990 1365 1068 stat,
1426 990 1479 1054 si
1525 987 1872 1071 principale
1917 1004 2040 1050 non
2088 987 2355 1053 steterit.
2434 985 2532 1050 dic
2586 987 2783 1069 igitur
2842 990 2932 1067 tu,

682 1091 1048 1170 Christiane,
1112 1094 1417 1174 quomodo
1463 1093 1673 1158 tenere
1720 1093 1783 1157 te
1828 1092 2157 1179 sequentia
2200 1091 2460 1176 symboli
2506 1094 2707 1174 putaS,
2760 1092 2934 1157 cuius

679 1194 988 1278 principia
1055 1195 1428 1277 perdidisti?
1496 1195 1781 1260 membra
1836 1196 1970 1260 sine
2029 1193 2233 1276 capite
2289 1194 2380 1259 nil
2444 1195 2705 1275 prosunt
2750 1198 2813 1260 et
2857 1198 2934 1261 ad

681 1298 1000 1363 exordium
1065 1297 1164 1362 sui
1232 1301 1457 1364 cuncta
1522 1298 1900 1379 respiciunt:
1970 1315 2125 1381 quae
2193 1295 2430 1379 utique,
2500 1298 2554 1361 si
2613 1299 2932 1379 perierint,

679 1400 889 1467 omnia
945 1419 1193 1484 pessum
1239 1402 1514 1479 trahunt,
1579 1399 1888 1482 siquidem
1936 1401 2130 1481 stirpe
2175 1399 2424 1463 sublata
2466 1403 2577 1465 aut
2623 1419 2744 1466 non
2789 1402 2936 1466 sunt
2953 1425 3013 1465 ια

678 1503 917 1588 reliqua
962 1506 1090 1582 aut,
1149 1505 1206 1569 si
1249 1505 1416 1589 sunt,
1475 1504 1611 1568 sine
1656 1504 2076 1569 emolumento
2132 1503 2301 1580 sunt,
2361 1503 2510 1586 quia
2553 1501 2687 1568 sine
2734 1504 2934 1586 capite

680 1605 771 1671 nil
816 1610 1078 1672 constat.
1155 1609 1208 1671 si
1253 1608 1353 1671 cui
1396 1607 1610 1688 itaque
1656 1607 1796 1671 leue
1840 1605 2341 1688 spectaculorum
2388 1606 2621 1671 crimen
2665 1602 2932 1686 uidetur,

677 1709 972 1791 respiciat
1026 1711 1250 1775 cuncta
1303 1710 1431 1775 ista
1488 1727 1643 1791 quae
1702 1709 1992 1792 diximuS,
2051 1713 2112 1773 et
2171 1708 2406 1773 uidebit
2451 1710 2518 1774 in
2563 1709 2932 1791 spectaculis

679 1831 804 1878 non
847 1812 1236 1897 uoluptatem
1284 1831 1413 1879 esse
1458 1811 1565 1877 sed
1609 1813 1895 1879 mortem.
1961 1813 2108 1896 quid
2156 1816 2251 1877 est
2294 1815 2507 1877 autem
2538 1812 2712 1877 aliud
2744 1830 2932 1895 quam

678 1918 949 1979 mortem
991 1914 1305 1980 incurrere
1349 1915 1521 1980 uitae
1567 1916 1872 1998 originem
1915 1915 2303 1998 perdidisse?
2347 1916 2455 1980 ubi
2493 1917 2658 1980 enim
2704 1914 3003 1980 funda-1⁶

679 2021 965 2084 mentum
1012 2017 1283 2102 symboli
1331 2019 1652 2096 euertitur‚
1702 2020 1834 2083 uita
1877 2018 2015 2100 ipsa
2060 2018 2404 2102 iugulatur.

572 2146 660 2211 35
766 2139 907 2204 VII.
969 2140 1243 2205 Rursum
1316 2157 1459 2224 ergo
1527 2157 1778 2203 necesse
1846 2141 1944 2204 est
2013 2138 2341 2203 redeamus
2400 2140 2476 2203 ad
2521 2138 2700 2216 illud,
2769 2139 2931 2221 quod

678 2262 860 2326 saepe
930 2243 1230 2308 diximus:
1299 2242 1447 2324 quid
1512 2240 1718 2308 simile
1787 2242 1951 2326 apud
2022 2242 2356 2307 barbaros?
2421 2240 2533 2306 ubi
2579 2240 2745 2324 apud
2788 2241 2931 2306 illos

681 2346 983 2411 circenses
1027 2344 1138 2411 ubi
1183 2345 1433 2412 theatra
1477 2346 1584 2425 ubi
1629 2347 1834 2412 scelus
1880 2346 2266 2411 diuersarum
2314 2346 2769 2428 impuritatum,
2816 2345 2933 2408 hoc

679 2453 775 2515 est
828 2449 961 2532 spei
1017 2449 1265 2516 nostrae
1310 2467 1383 2515 ac
1428 2449 1649 2517 salutis
1709 2449 2066 2516 excidium?
2121 2448 2345 2532 quibus
2391 2448 2488 2515 illi
2534 2447 2671 2525 etsi,
2720 2449 3007 2531 utpoteso

678 2553 928 2635 pagani,
975 2554 1322 2632 uterentur,
1367 2552 1608 2619 minore
1652 2558 1865 2619 tamen
1912 2555 2101 2637 culpa
2140 2572 2348 2621 sacrae
2380 2552 2731 2618 offensionis
2763 2569 2930 2618 erra·

678 2654 850 2728 bant,
911 2653 1075 2737 quia,
1138 2658 1254 2720 etsi
1300 2657 1463 2721 esset
1515 2656 1851 2738 impuritas
1896 2655 2174 2737 uisioniS,
2223 2656 2675 2736 praeuaricatio
2721 2656 2933 2720 tamen

573 2763 659 2829 36
677 2773 799 2821 non
865 2758 1000 2821 erat
1066 2760 1457 2824 sacramenti.
1541 2778 1650 2824 nos
1717 2777 1864 2824 uero
1934 2759 2082 2841 quid
2147 2760 2513 2841 respondere
2577 2778 2687 2841 pro
2757 2758 2933 2824 nobis

678 2863 1056 2942 possumus?
1131 2865 1417 2927 tenemus
1474 2862 1830 2945 symbolum
1887 2864 1951 2927 et
2009 2860 2372 2941 ononimus,
2444 2863 2506 2927 et
2562 2861 2931 2928 confitemur

679 2981 908 3028 munus
952 2963 1170 3028 salutis
1213 2965 1449 3047 pariter
1495 2967 1558 3030 et
1599 2983 1915 3048 negamus.
1982 2983 2053 3030 ac
2095 2984 2203 3047 per
2248 2966 2363 3030 hoc
2396 2964 2503 3030 ubi
2533 2969 2630 3030 est
2676 2963 2927 3029 christi·
2951 2987 3006 3028 25

678 3066 882 3132 auitas
948 3070 1181 3145 nostra,
1249 3067 1357 3151 qui
1400 3068 1479 3133 ad
1525 3066 1641 3133 hoc
1684 3067 2114 3133 tantummodo
2182 3070 2639 3134 sacramentum
2705 3065 2930 3131 salutis

677 3168 1031 3251 accipimu8‚
1077 3175 1150 3235 ut
1195 3171 1425 3237 maiore
1467 3174 1678 3253 postea
1708 3170 2262 3253 praeuaricationis
2299 3171 2532 3235 scelere
2562 3187 2882 3254 peccemus
2901 3172 2933 3233 ‘r’

677 3291 790 3337 nos
837 3272 1111 3339 ecclesiis
1171 3272 1271 3339 dei
1326 3272 1569 3338 ludicra
1627 3273 2086 3356 anteponimuS‚
2147 3292 2259 3339 nos
2309 3274 2534 3338 altaria
2578 3274 2931 3355 spernimus

677 3376 742 3440 et
785 3376 1029 3441 theatra
1069 3376 1465 3456 honoramus,
1516 3376 1727 3442 omnia
1772 3377 2035 3459 denique
2080 3395 2362 3442 amamus
2395 3377 2603 3442 omnia
2635 3374 2934 3441 colimus:

780 3617 814 3668 2
849 3616 931 3668 est
962 3616 1022 3669 in
1057 3615 1371 3684 spectaculis
1408 3614 1463 3668 Β
1637 3615 1692 3668 et
1725 3614 1854 3669 add.
1880 3615 2171 3669 Hartelius
2195 3621 2356 3682 recte,
2395 3615 2624 3683 opinon-
2661 3615 2731 3680 cf.
2756 3622 2805 3679 §-
2826 3616 2934 3669 32.-

675 3699 883 3769 pompis
919 3700 1235 3769 spectaculis
1270 3703 1325 3755 et
1359 3699 1606 3769 operibus
1643 3700 1758 3755 eius
1942 3701 1976 3754 3
2012 3699 2081 3753 ad
2118 3701 2477 3770 spectaculum
2514 3701 2583 3766 Β,
2640 3701 2785 3755 idem
2819 3700 2934 3755 dia-

676 3784 786 3839 boli
832 3801 932 3840 om.
1148 3785 1184 3838 4
1228 3785 1460 3855 symboli
1506 3802 1577 3842 ex
1619 3786 1851 3856 symbuli
1900 3787 1955 3840 A
1998 3801 2138 3841 corr.
2188 3804 2257 3841 m.
2295 3791 2353 3853 1,
2408 3786 2554 3841 idem
2592 3790 2767 3855 paulo
2806 3793 2936 3855 post

676 3873 833 3924 notat
866 3884 1033 3938 super
1066 3886 1096 3924 o
1130 3886 1233 3927 scr.
1270 3889 1340 3928 m.
1375 3875 1417 3928 2
1449 3890 1484 3926 u
1688 3874 1725 3927 8
1771 3878 1823 3926 et
1861 3872 1926 3927 12
1961 3872 2096 3927 nihil
2131 3873 2186 3926 Β
2398 3874 2458 3927 11
2510 3873 2557 3927 si
2593 3873 2648 3926 Β
2683 3889 2724 3927 s.
2762 3874 2797 3927 l.

678 3956 744 4011 13
779 3955 991 4010 uidebit
1025 3958 1089 4011 in
1121 3974 1154 4012 v
1190 3974 1256 4013 ex
1289 3958 1443 4013 uidet
1477 3974 1619 4015 corr.
1655 3959 2056 4015 Brassiccmus:
2093 3959 2246 4013 uidet
2279 3958 2530 4026 ABffl't)
2742 3959 2807 4014 14
2844 3975 2934 4013 uo-

676 4044 944 4099 luntatem
978 4044 1031 4097 A
1221 4046 1289 4099 22
1325 4046 1779 4115 praeuaricatione
1814 4046 1868 4099 Β
2060 4046 2128 4100 24
2163 4048 2218 4099 et
2253 4044 2570 4100 confitemur
2605 4046 2935 4101 retinuimus

676 4144 744 4184 ex
779 4129 890 4182 AB
906 4128 1025 4195 (Tt)
1038 4150 1061 4199 ;
1102 4131 1218 4199 fuit
1253 4133 1419 4185 etiam
1452 4133 1517 4185 in
1551 4149 1584 4186 v
1618 4131 1716 4186 sed
1754 4131 2124 4187 Brassicanus
2165 4130 2369 4185 deleuit
2406 4137 2458 4185 et
2485 4136 2614 4198 post
2650 4147 2773 4185 eum
2813 4146 2938 4185 cum

675 4213 800 4269 edd.
840 4215 1016 4271 omisit
1051 4217 1332 4285 Halmius)
