3380 4919
1074 339 1149 393 ad
1185 338 1537 392 ecclesiam
1583 338 1673 392 ΙΙΙ
1711 342 1742 403 ξ
1777 335 1999 391 23-30.
2546 336 2669 401 277

414 550 540 612 cur,
609 547 776 614 rogo,
847 531 977 593 tam
1048 526 1387 593 infideliter
1444 547 1550 593 cur
1607 532 1740 593 tam
1794 526 2011 609 inpie?
2076 545 2199 591 non
2248 526 2553 608 exigimus
2598 525 2777 590 11127

412 633 626 699 1163116
656 634 906 699 1101111110
952 631 1339 715 largiamini:
1387 630 1627 714 aliquid
1672 630 1784 695 deo
1815 633 1892 695 de
1930 648 2041 694 suo
2072 628 2360 694 reddite.'
2398 647 2507 693 cur
2536 631 2674 692 tam

414 755 600 802 auare
645 756 752 801 cur
798 739 931 800 tam
976 735 1167 816 impie
1212 733 1454 817 agitis?
1497 750 1620 798 non
1658 735 1754 797 est
1798 736 2071 797 uestrum
2122 733 2284 814 quod
2329 729 2670 812 denegatis,

414 841 701 922 iniquum
767 839 967 923 igitur
1035 836 1454 920 arbitramini,
1524 839 1596 901 ut
1655 834 2074 901 saecularibus
2134 833 2284 899 filiis
2347 832 2671 917 religiosos

371 942 766 1007 ssubstantia
809 959 988 1025 pares
1034 957 1168 1004 esse
1214 939 1504 1005 faciatis?
1551 940 1614 1003 id
1659 957 1805 1021 ergo
1850 939 2058 1021 agitis,
2107 941 2177 1001 ut
2222 935 2544 1020 paeniteat
2574 953 2675 998 eos

417 1049 666 1128 coeptae
725 1043 1066 1126 religioniS,
1128 1060 1278 1124 01103
1339 1041 1559 1125 religio
1621 1043 1785 1125 apud
1844 1059 1954 1106 uos
2014 1041 2233 1104 fecerit
2276 1039 2455 1103 uiles.
2531 1039 2673 1119 pius

415 1147 626 1231 itaque
688 1166 760 1212 ac
817 1147 1018 1211 bonus
1078 1146 1386 1221 dominus,
1450 1146 1555 1227 qui
1616 1145 1823 1208 seruet
1880 1143 1948 1207 in
2008 1144 2094 1207 eis
2154 1142 2541 1225 propositum
2602 1157 2676 1204 ac

416 1250 865 1331 professionem
910 1266 1120 1312 suam:
1167 1249 1466 1330 ceterum,
1514 1247 1820 1328 quantum
1864 1247 1929 1310 in
1972 1246 2149 1309 uobis
2195 1249 2311 1324 est,
2358 1244 2423 1309 id
2466 1243 2677 1326 agitis,

419 1357 488 1416 ut
547 1353 776 1417 saeculi
838 1370 940 1415 eos
1000 1352 1267 1416 cultores
1329 1369 1458 1415 esse
1519 1348 1787 1428 faciatiS‚
1850 1350 2074 1432 quibus
2120 1349 2469 1413 saeculares
2513 1347 2678 1412 filios

346 1483 400 1523 10
419 1451 766 1521 antefertis.
844 1456 993 1539 quid
1048 1457 1145 1518 est
1204 1455 1370 1519 enim
1426 1452 1602 1519 aliud
1661 1471 1851 1535 quam
1895 1453 2258 1536 religionem
2306 1450 2677 1514 interdicere

418 1559 494 1623 ob
540 1560 904 1641 religionem
946 1558 1273 1640 despectui
1317 1557 1590 1622 habere?

502 1678 613 1745 VI.
675 1678 795 1744 Sed
851 1679 1064 1744 iniusti
1121 1679 1384 1744 fortasse
1440 1679 1773 1743 uideamur
1818 1681 2077 1742 cunctos
2120 1678 2410 1761 parentes
2455 1677 2522 1740 in
2567 1674 2787 1740 110628

418 1782 662 1865 negotio
729 1782 1070 1863 aequaliter
1139 1784 1503 1859 accusando,
1571 1800 1713 1845 cum
1778 1782 2023 1846 scilicet
2087 1800 2208 1846 non
2270 1798 2482 1844 omnes
2539 1781 2678 1860 pari

422 1890 608 1969 agant
649 1885 987 1968 iniquitate
1034 1902 1178 1948 cum
1221 1884 1391 1949 filiis.
1466 1887 1612 1949 sunt
1658 1886 1846 1962 enim,
1891 1883 2103 1967 inquit
2132 1883 2381 1967 61101113,
2426 1883 2575 1947 311111
2608 1901 2679 1948 ex

350 2015 402 2056 15
421 1985 787 2069 parentibus
835 1988 1042 2066 multi,
1089 1987 1196 2069 qui
1242 1988 1524 2070 aequales
1569 1989 1719 2053 filiis
1750 1988 1881 2053 suis
1911 1988 2151 2053 faciant
2179 1988 2512 2070 portioneS‚
2558 1986 2682 2050 nisi

421 2088 584 2172 quod
629 2109 750 2154 una
807 2092 1057 2155 tantum
1104 2108 1204 2154 eos
1253 2091 1610 2156 condicione
1654 2092 2031 2168 discernunt,
2087 2090 2247 2172 quod
2292 2091 2360 2154 in
2403 2090 2484 2154 iis
2527 2090 2682 2171 ipsis

422 2193 728 2277 partibus,
793 2212 948 2276 quae
1007 2194 1314 2277 religiosis
1374 2193 1670 2260 uidentur
1733 2194 2020 2275 adscribi,
2081 2211 2267 2256 usum
2325 2193 2543 2257 iubent
2601 2190 2679 2255 ad

423 2315 526 2362 eos
586 2297 1033 2379 proprietatem
1090 2300 1166 2362 ad
1223 2298 1376 2362 alios
1431 2299 1759 2379 pertinere.
1836 2302 1902 2360 at
1957 2314 2106 2361 11610
2165 2296 2280 2360 hoc
2334 2294 2536 2358 multo
2581 2291 2784 2358 63129

424 2402 601 2484 peius
647 2404 710 2466 et
754 2399 1084 2465 infidelius
1158 2401 1600 2467 tolerabilioris
1647 2403 1873 2484 quippe
1903 2398 2229 2482 inpietatis
2266 2396 2520 2463 uidetur
2553 2415 2680 2462 esse

352 2531 406 2572 20
426 2522 569 2568 cum
635 2504 1018 2587 proprietate
1085 2505 1356 2586 aliquem
1422 2503 1566 2569 filiis
1633 2507 1759 2569 suis
1819 2501 2025 2569 minus
2083 2504 2430 2584 relinquere
2491 2518 2682 2582 quam

425 2608 867 2689 proprietatem
926 2606 1026 2669 his
1086 2626 1296 2671 rerum
1340 2608 1588 2690 penitus
1635 2595 1897 2672 auferre.
1973 2607 2181 2691 potest
2227 2606 2395 2670 enim
2437 2602 2679 2685 aliqua-

426 2715 608 2775 tenus
654 2709 804 2775 ferri
847 2709 971 2774 ista
1015 2709 1311 2789 condicio,
1360 2710 1415 2775 si
1460 2711 1572 2775 aut
1613 2712 1833 2775 amicis
1879 2715 1988 2775 aut
2032 2708 2343 2775 adfinibus
2387 2706 2499 2773 aut
2540 2724 2683 2790 pro-

422 2812 673 2896 pinquis
703 2813 821 2877 hac
846 2813 987 2895 lege
1021 2811 1258 2895 aliquid
1287 2814 1706 2895 relinquatur:
1736 2813 1882 2878 filiis
1914 2831 2063 2878 uero
2095 2814 2203 2895 qui
2233 2811 2683 2894 proprietatem

424 2935 634 2980 rerum
695 2933 817 2981 non
874 2915 1104 2980 tribuit
1159 2914 1250 2979 nil
1302 2916 1625 2998 relinquit.
1702 2918 1813 2981 sed
1855 2916 2098 2981 inuenit
2141 2914 2540 2997 iniquissima
2582 2913 2682 2979 in-

354 3018 702 3088 ntfidelitas
760 3023 1109 3100 parentum,
1167 3023 1469 3100 quomodo
1516 3038 1553 3083 a
1596 3020 1973 3102 patrimonio
2030 3036 2140 3083 suo
2202 3018 2387 3083 deum
2431 3017 2683 3099 penitus

427 3121 799 3200 excluderet,
846 3121 1290 3203 proprietatem
1332 3141 1541 3187 rerum
1569 3122 1877 3207 religiosis
1910 3122 2061 3187 filiis
2093 3122 2443 3187 auferendo,
2498 3139 2684 3185 usum

425 3223 594 3288 enim
649 3224 750 3289 his
811 3223 1005 3307 dedit,
1066 3225 1139 3288 ut
1184 3228 1346 3290 esset
1391 3244 1510 3308 quo
1553 3227 1679 3309 ipsi
1723 3226 2029 3305 uiuerent,
2088 3226 2536 3307 proprietatem
2579 3224 2680 3288 his

425 3327 612 3409 tulit,
685 3330 758 3390 ut
826 3326 986 3408 quod
1059 3329 1169 3392 deo
1241 3328 1664 3411 relinquerent
1738 3348 1860 3394 non
1932 3328 2252 3394 haberent.
2348 3346 2383 3392 0
2452 3344 2681 3391 1101111111
2702 3324 2788 3389 30

432 3609 437 3614 ·
530 3585 559 3636 1
606 3583 771 3651 impie
817 3583 983 3651 agitis
1031 3583 1114 3637 ed.
1160 3583 1432 3639 Baluzius
1480 3591 1624 3653 (cum
1658 3588 1711 3654 b)
1912 3587 1948 3640 3
1995 3586 2162 3655 agitis
2208 3591 2259 3640 et
2292 3586 2381 3641 hic
2414 3586 2547 3651 fort.
2584 3584 2679 3638 de-

424 3668 662 3734 lendum,
699 3674 765 3723 ut
779 3669 956 3736 paulo
978 3675 1108 3723 ante
1131 3669 1283 3724 deest
1471 3672 1504 3725 6
1539 3674 1759 3740 coeptae
1784 3688 1851 3726 ex
1874 3674 2065 3739 coepta
2098 3686 2238 3725 corr.
2263 3686 2333 3724 m.
2358 3672 2398 3723 2
2434 3669 2545 3723 AB

425 3756 460 3809 8
514 3757 783 3810 caeterum
834 3755 890 3808 A
1108 3756 1170 3810 11
1226 3756 1492 3825 dispectni
1546 3758 1656 3812 AB
1880 3759 1948 3811 14
1999 3756 2193 3826 inquid
2245 3756 2301 3810 B
2508 3755 2679 3823 aliqui

422 3841 535 3895 AB
740 3841 809 3895 15
853 3842 946 3910 qui
982 3857 1050 3895 ex
1088 3842 1216 3911 01116
1251 3857 1393 3897 corr.
1429 3860 1496 3897 m.
1524 3847 1566 3898 2
1601 3843 1657 3897 B
1863 3844 1928 3897 16
1964 3843 2095 3912 quid
2133 3848 2278 3907 (ante
2316 3843 2396 3911 in)
2430 3859 2473 3897 s.
2508 3857 2611 3896 scr.
2647 3857 2679 3895 0

423 3925 479 3979 A
667 3926 726 3979 in
759 3925 847 3996 iis]
885 3926 991 3980 inis
1025 3926 1080 3979 A
1274 3928 1342 3982 18
1377 3928 1445 3983 ad
1480 3944 1606 3982 uero
1641 3929 1754 3982 AB
1946 3929 2011 3982 19
2044 3929 2431 3982 tolerabilioris
2467 3944 2533 3983 ex
2570 3944 2682 3981 -res

423 4028 560 4067 corr.
594 4030 663 4068 m.
701 4015 743 4067 2
776 4014 833 4067 B
1037 4014 1100 4068 21
1139 4014 1244 4084 his]
1282 4014 1351 4068 iis
1390 4015 1472 4069 ed.
1509 4014 1782 4070 Baluzius
1976 4016 2226 4085 paenitus
2260 4016 2315 4069 A
2348 4016 2475 4071 item
2506 4016 2682 4083 paulo

419 4104 544 4165 post
748 4098 817 4152 22
863 4100 1049 4153 61111613
1096 4114 1166 4154 eoe
1211 4116 1331 4155 -cus
1376 4116 1515 4155 corr.
1561 4118 1629 4155 m.
1664 4103 1706 4155 2
1750 4101 1807 4154 B
2011 4100 2267 4154 affinibus
2310 4118 2379 4155 ea:
2411 4101 2682 4154 adfinibus

423 4199 562 4238 corr.
600 4201 667 4239 m.
704 4187 746 4239 2
781 4185 835 4238 A
1039 4185 1108 4239 23
1155 4185 1361 4255 aliquid
1406 4203 1475 4241 ex
1519 4186 1667 4256 -quit
1714 4201 1853 4241 corr.
1888 4203 1959 4243 m.
1998 4191 2033 4241 2
2079 4186 2134 4239 A
2167 4188 2298 4241 item
2330 4188 2488 4253 infra
2520 4193 2570 4251 §-
2608 4190 2683 4241 30

423 4271 493 4337 cf.
534 4272 607 4323 32
814 4268 882 4323 24
917 4270 1186 4340 relinquid
1223 4271 1279 4325 B
