3380 4919
582 306 703 371 168
1552 299 1867 355 Saluiani

576 491 1059 572 miliabitur,
1106 495 1183 557 et
1228 490 1475 573 quise
1516 490 1901 557 humiliat
1944 489 2475 573 exaltabitur,
2505 490 2636 555 illis
2667 491 2834 556 enim

575 595 874 660 exaltatio
917 596 1067 662 data
1109 599 1205 661 est
1247 614 1358 677 pro
1402 595 1766 662 humilitate
1782 644 1801 678 ‚
1860 594 2038 661 nobis
2080 612 2189 677 pro
2236 594 2507 661 elatione
2553 595 2834 663 deiectio.

469 717 557 784 40
658 717 738 781 X.
788 718 1010 802 Itaque
1067 717 1325 801 agnouit
1367 718 1485 782 hoc
1528 717 1638 782 ille
1682 718 1807 782 dux
1850 719 2098 782 nostrae
2139 717 2370 799 partis,
2427 716 2535 798 qui
2577 718 2834 782 eandem

572 820 792 887 urbem
835 820 1135 897 hostium,
1181 839 1371 903 quam
1416 821 1631 886 eodem
1677 820 1780 885 die
1824 820 2133 885 uictorem
2177 838 2240 884 se
2270 819 2656 885 intraturum
2701 838 2835 884 esse

572 926 1013 1008 praesumpsit,
1061 924 1350 1006 captiuus
1380 923 1667 990 intrauit.
1717 924 2010 1006 probauit
2040 922 2298 1002 scilicet,
2338 926 2498 1005 quod
2528 921 2836 1004 propheta
2878 940 2905 981 ⁵

572 1026 760 1093 dixit:
811 1026 995 1109 quia
1038 1044 1184 1092 non
1230 1027 1351 1092 est
1393 1027 1736 1092 hominis
1781 1027 1911 1091 uia
1955 1028 2149 1104 eius,
2198 1043 2337 1090 nec
2380 1025 2539 1090 uiri
2582 1026 2704 1090 est
2745 1026 2834 1090 ut

572 1128 938 1196 ambulet
981 1130 1061 1194 et
1105 1129 1408 1212 dirigat
1451 1148 1769 1212 gressus
1813 1147 2006 1196 suos,
2052 1147 2200 1193 nam
2246 1128 2390 1212 quia
2434 1129 2608 1193 uiam
2651 1146 2834 1193 suam

571 1232 726 1300 iuris
774 1234 870 1297 sui
915 1249 1045 1297 esse
1092 1233 1476 1298 existimauit
1491 1282 1507 1312 ,
1562 1252 1677 1299 nec
1719 1251 2004 1316 gressum
2052 1233 2415 1297 directionis
2457 1230 2679 1297 habuit
2721 1250 2833 1297 nec

571 1338 744 1401 uiam
804 1335 1028 1401 salutis
1087 1337 1347 1403 inuenit.
1439 1336 1704 1402 effusa
1764 1339 1910 1416 est,
1974 1341 2046 1401 ut
2104 1335 2409 1419 legimur„
2482 1334 2833 1400 abiectio

571 1457 814 1520 super
870 1439 1344 1522 principem,
1414 1440 1793 1506 seductus
1853 1443 1978 1504 est
2032 1437 2112 1503 in
2169 1440 2389 1503 inuio
2444 1440 2517 1503 et
2558 1456 2709 1502 non
2753 1438 2903 1502 imo

570 1544 728 1622 uia,
789 1545 852 1607 et
897 1543 987 1608 ad
1031 1542 1377 1607 nihilum
1425 1542 1808 1608 deductus
1856 1544 1979 1608 est
2035 1541 2262 1607 uelut
2318 1560 2511 1624 aqua
2565 1543 2832 1607 decur-

467 1648 550 1716 41
570 1664 766 1711 rens.
813 1646 879 1710 in
925 1663 1045 1729 quo
1091 1645 1344 1728 quidem
1387 1647 1635 1730 praeter
1677 1646 1878 1728 ipsam
1925 1665 2133 1710 rerum
2176 1644 2616 1710 infelicitatem
2660 1663 2831 1727 prae·

572 1767 713 1814 sens
757 1748 1062 1813 iudicium
1109 1748 1209 1812 dei
1255 1748 1493 1830 patuit,
1550 1750 1627 1813 ut
1688 1748 1985 1831 quicquid
2031 1747 2346 1813 facturum
2388 1767 2452 1812 se
2498 1749 2832 1830 usurparat

571 1852 701 1935 ipse
748 1853 1087 1935 pateretur.
1162 1870 1311 1916 nam
1358 1851 1504 1933 quia
1546 1852 1682 1916 sine
1728 1851 2085 1916 diuinitatis
2130 1851 2362 1916 auxilio
2406 1870 2480 1916 ac
2525 1850 2623 1915 dei
2675 1854 2833 1916 nutu

570 1955 936 2039 capiendum
993 1972 1030 2018 a
1084 1973 1151 2019 se
1195 1954 1441 2019 hostem
1488 1954 1789 2033 credidit,
1856 1955 1989 2036 ipse
2034 1958 2253 2039 captus
2301 1958 2428 2020 est:
2478 1956 2716 2020 consilii
2762 1969 2904 2020 acm

570 2058 910 2140 sapientiae
961 2075 1273 2123 summam
1318 2058 1656 2141 usurpauit
1699 2059 2106 2140 ignominiam
2152 2058 2526 2123 temeritatis
2569 2059 2835 2124 incurrit

466 2164 552 2229 42
575 2163 803 2241 uincla,
852 2179 1007 2243 quae
1039 2161 1181 2225 aliis
1209 2162 1480 2243 parauit,
1527 2161 1661 2245 ipse
1696 2162 2016 2227 sustinuit.
2065 2165 2128 2227 et
2159 2162 2342 2243 quod,
2387 2179 2555 2245 rogo,
2588 2161 2833 2226 euiden-

571 2265 699 2330 tius
759 2265 859 2329 dei
917 2264 1222 2330 iudicium
1281 2284 1414 2331 esse
1469 2264 1711 2355 potuit,
1779 2284 1967 2348 quam
2023 2267 2096 2330 ut
2161 2266 2393 2331 habens
2450 2265 2834 2347 praedatoris

570 2369 862 2436 fiduciam
886 2366 889 2369 ’
909 2371 1137 2450 praeda
1180 2369 1358 2434 fieret
1395 2369 1786 2451 triumphum
1816 2387 2216 2452 praesumens
2247 2368 2603 2453 triumphus
2651 2370 2830 2444 esset,

572 2474 1066 2539 circumdaretur
1126 2473 1539 2556 corriperetur
1597 2473 2003 2559 alligaretur,
2062 2475 2301 2538 retorta
2354 2475 2533 2557 tergo
2578 2472 2833 2539 brachia
2851 2488 2904 2529 ιο

568 2581 811 2662 gereret
856 2595 1100 2655 manus,
1149 2594 1302 2659 quas
1348 2576 1677 2643 bellicosas
1725 2576 2010 2659 putabat,
2065 2576 2312 2640 uinctas
2356 2575 2633 2651 uideret,
2682 2594 2832 2658 pue-

569 2699 779 2747 rorum
825 2698 897 2744 ac
943 2678 1279 2744 mulierum
1326 2681 1755 2762 spectaculum
1800 2679 1978 2744 fieret
2005 2678 2363 2743 inludentes
2394 2678 2514 2743 sibi
2545 2679 2834 2744 barbaros

572 2789 871 2862 cerneret,
903 2782 1262 2848 inrisionem
1296 2802 1477 2848 sexus
1508 2782 1850 2864 promiscui
1882 2784 2229 2847 sustineret
2258 2786 2320 2847 et
2351 2783 2460 2865 qui
2490 2783 2832 2848 maximum

465 2890 550 2956 43
572 2886 880 2951 habuerat
925 2886 1330 2972 supercilium
1360 2886 1543 2951 fortis
1573 2886 1715 2962 uiri,
1762 2890 2032 2952 mortem
2063 2886 2303 2951 subiret
2332 2887 2599 2970 ignaui?
2642 2890 2829 2968 atque

570 2989 817 3054 utinam
877 2988 993 3052 hoc
1050 2989 1254 3071 ipsum
1318 2988 1503 3053 breue
1557 2989 1906 3054 remedium
1966 2990 2274 3055 malorum
2322 2993 2484 3055 esset
2528 3008 2651 3055 non
2694 2990 2904 3055 diu-2⁵

571 3094 759 3157 turna
789 3091 1096 3157 toleratio.
1127 3092 1236 3156 ille
1260 3095 1489 3177 autem,
1524 3097 1831 3175 quantum
1859 3094 1939 3158 ad
1961 3111 2302 3176 poenarum
2326 3092 2830 3177 magnitudinem

571 3196 876 3277 pertinet,
937 3196 1124 3280 longo
1168 3197 1444 3278 tempore
1492 3199 1554 3261 et
1599 3195 1899 3262 diuturna
1943 3195 2014 3260 in
2059 3198 2371 3280 ergastulo
2420 3195 2831 3261 barbarorum

569 3298 716 3366 tabe
774 3302 1177 3383 consumptus
1233 3301 1301 3364 in
1357 3299 1518 3365 hanc
1579 3301 1900 3365 miseriam
1956 3300 2243 3365 redactus
2302 3301 2429 3381 est,
2496 3301 2601 3379 ut,
2669 3298 2833 3381 quod

568 3404 933 3487 plerumque
980 3403 1257 3468 homines
1305 3402 1500 3468 etiam
1545 3405 1756 3485 poen-is
1802 3403 1954 3487 ipsis
2000 3402 2259 3487 granius
2312 3403 2500 3485 atque
2545 3400 2829 3467 acerbius

770 3616 804 3669 6
840 3615 996 3669 Prou.
1035 3616 1115 3680 16,
1151 3615 1185 3669 9
1209 3618 1264 3669 et
1288 3615 1373 3682 20,
1409 3615 1479 3669 24
1627 3615 1660 3670 9
1699 3614 1848 3671 Psal.
1884 3616 2001 3681 106,
2038 3615 2110 3669 40
2260 3616 2324 3671 12
2359 3615 2505 3670 Psal.
2540 3615 2696 3701 57,ss

670 3811 705 3864 3
741 3809 950 3879 itaque]
986 3809 1231 3879 Namque
1267 3812 1323 3865 Β
1514 3812 1551 3865 4
1582 3827 1638 3866 se
1675 3811 1866 3867 intrat.
1901 3827 1957 3865 se
1992 3827 2105 3866 esse
2140 3813 2197 3867 Β
2380 3814 2416 3868 6
2449 3814 2540 3867 uia
2575 3814 2629 3867 A
2666 3813 2833 3882 (quod

568 3894 716 3965 fuyit
740 3895 1047 3962 Halmium)
1075 3902 1127 3951 et
1149 3897 1575 3953 Rittershusius:
1616 3897 1735 3951 uita
1768 3898 1825 3952 Β
2020 3899 2056 3952 8
2090 3913 2158 3953 ne
2186 3899 2337 3966 (ante
2358 3903 2622 3968 gressum)
2647 3914 2691 3956 s.
2724 3914 2829 3954 scr.

568 3997 596 4036 c
629 3996 700 4035 m.
726 3984 766 4036 2
800 3981 856 4035 A
1065 3983 1126 4037 11
1165 3983 1324 4037 uelud
1357 3983 1415 4038 A
1622 3984 1689 4037 14
1723 3985 1882 4054 nutu]
1921 3984 2089 4039 ductu
2124 3985 2181 4039 Β
2400 3985 2464 4039 17
2500 3984 2661 4055 quod]
2697 3984 2829 4053 quid

567 4067 725 4134 Β(Τ)
908 4067 977 4122 20
1011 4070 1215 4123 retorta
1238 4070 1392 4138 tergo
1427 4085 1495 4124 em
1527 4071 1735 4124 retorta
1768 4085 1897 4140 ergo
1933 4071 1987 4124 A
2020 4085 2161 4125 corr.
2195 4087 2265 4124 m.
2289 4075 2323 4125 1
2511 4071 2574 4124 21
2614 4074 2831 4139 putaret

565 4152 622 4207 B
666 4169 735 4207 m.
773 4156 807 4206 1
1033 4154 1219 4208 uincta
1268 4154 1325 4208 Β
1556 4156 1625 4209 24
1677 4158 1790 4223 atq:
1843 4156 1941 4211 scd
1992 4172 2045 4225 q:
2092 4157 2155 4210 in
2189 4156 2289 4222 fin.
2325 4156 2427 4211 lin.
2462 4173 2533 4210 m.
2569 4160 2606 4212 2
2640 4157 2696 4211 A

566 4238 635 4293 26
670 4238 1062 4308 longitudinem
1098 4240 1154 4293 Β
1364 4240 1434 4294 28
1468 4245 1811 4310 consumptos
1846 4258 2014 4312 super
2050 4259 2080 4297 o
2114 4257 2218 4297 scr.
2254 4257 2291 4295 u
2327 4258 2395 4297 m.
2425 4247 2466 4298 2
2498 4241 2554 4295 A
