3380 4919
476 268 648 324 XIIII

567 487 629 557 p
688 492 780 525 z:
841 459 1231 535 editionem
1270 458 1677 557 principem
1733 458 2168 533 Sichardi
2210 459 2467 556 (Basil.
2517 462 2742 555 1528)

616 638 621 643 .
685 578 900 679 quam
994 605 1164 653 eum
1249 579 1407 678 ipse
1508 578 1872 678 inspicere
1957 605 2113 653 non
2197 581 2565 679 potuerim
2655 607 2743 654 ex

690 700 1007 779 editione
1085 699 1480 772 Halmiana
1560 698 1805 773 citaui.
1908 724 2095 796 quas
2165 725 2346 774 uero
2420 700 2744 774 continet

684 818 1288 920 interpolationes
1340 819 1566 894 modo
1641 819 2015 894 breuiores
2067 819 2293 894 modo
2348 821 2741 919 ampliores

687 968 774 1016 ex
823 940 1137 1039 ‘ingenio
1206 939 1473 1040 partim
1540 939 1733 1013 male
1806 940 2062 1014 sedulo
2133 939 2396 1040 partim
2452 942 2743 1015 aliunde

685 1062 992 1136 haustas
1034 1046 1223 1136 ‘non
1299 1061 1377 1132 in
1451 1060 2006 1135 adnotationem
2088 1061 2414 1135 criticam
2494 1063 2742 1162 recepi

685 1181 826 1269 nisi
902 1181 1009 1254 in·
1057 1164 1339 1280 plures*
1394 1180 1749 1265 editiones
1832 1206 2022 1278 quae
2102 1182 2197 1254 ad
2276 1180 2743 1255 Halmium

682 1326 922 1400 usque
975 1299 1318 1400 prodiere
1373 1300 1567 1373 uiam
1625 1325 1836 1373 suam
1889 1299 2353 1375 inuenerunt.

582 1543 702 1619 Ad
767 1543 1037 1621 horum
1103 1553 1356 1615 autem
1428 1540 1927 1615 subsidiorum
1993 1540 2217 1614 fidem
2289 1553 2360 1615 et
2431 1543 2741 1616 auctori-

479 1675 694 1737 tatem
788 1662 990 1762 quod
1076 1663 1335 1737 attinet
1422 1687 1722 1760 operam
1802 1673 2135 1735 nostram
2213 1662 2365 1735 fere
2446 1688 2742 1735 omnem

483 1793 1054 1869 consentaneum
1107 1766 1353 1855 uisum
1393 1794 1502 1856 est
1553 1782 1692 1854 niti
1731 1780 2109 1856 codicibus
2162 1782 2234 1854 A
2291 1793 2361 1854 et
2412 1782 2503 1868 Β,
2561 1808 2745 1879 quo-

480 1927 643 1975 rum
712 1902 915 1976 alter·
947 1902 1019 1974 A
1085 1901 1270 1975 adeo
1341 1900 1561 1999 longe
1629 1900 2010 2000 primarias
2064 1915 2304 1999 partes
2357 1901 2601 1995 habet,
2658 1915 2744 1977 ut

482 2049 633 2096 non
686 2021 1055 2121 potuerim
1109 2021 1430 2095 auctoris
1483 2024 1719 2096 uerba
1772 2047 1924 2096 non
1974 2020 2081 2093 ita
2134 2021 2594 2115 constituere,
2661 2035 2744 2096 ut

484 2143 847 2242 quidquid
898 2142 976 2216 in
1033 2142 1307 2216 eisdem
1367 2143 1693 2241 reperias
1749 2168 1838 2216 ex
1892 2140 2151 2216 eodem
2206 2141 2554 2215 haustum
2608 2170 2744 2242 pu-

481 2263 786 2338 tandum
872 2263 966 2337 sit
1044 2263 1266 2337 modo
1337 2288 1461 2336 ne·
1502 2263 1879 2338 adnotatio
1961 2260 2206 2336 critica
2287 2264 2742 2338 contrarium

486 2385 792 2458 euincat.
873 2394 1185 2482 uterque
1240 2383 1538 2483 quidem
1594 2383 1826 2458 codex
1878 2384 2112 2475 fiuxit,
2178 2382 2257 2456 id
2312 2383 2514 2482 quod
2570 2385 2746 2458 satis

486 2506 561 2578 in
592 2506 1213 2580 commentatione
1242 2532 1470 2603 supra
1499 2505 1685 2579 dicta
1719 2504 2254 2578 demonstrasse
2282 2504 2461 2577 mihi
2488 2505 2747 2577 uideor

487 2639 557 2699 et
644 2621 950 2722 accepta
1026 2624 1564 2701 Weihrichii
1655 2622 2073 2696 conlatione
2162 2622 2376 2695 etiam
2471 2624 2743 2696 certius

483 2745 812 2844 profiteri
867 2744 1122 2831 ausim,
1181 2769 1270 2816 ex
1322 2769 1472 2815 uno
1529 2741 1938 2837 eodemque
1992 2740 2410 2839 archetypo,
2488 2752 2564 2814 at
2618 2744 2745 2839 qui

488 2859 819 2939 codicem
869 2865 947 2935 Aw
995 2861 1320 2935 exarauit
1383 2859 1619 2934 multo
1689 2858 2115 2956 diligentius
2168 2871 2241 2932 et
2294 2862 2744 2936 enucleatius

487 3012 641 3058 rem
697 2984 865 3083 egit>
896 2983 1115 3081 quam
1156 2982 1285 3079 qui
1323 2980 1652 3055 codicem
1707 2980 1779 3052 Β
1831 2978 2270 3078 conscripsit
2305 3007 2457 3055 non
2503 2981 2746 3055 solum

484 3105 677 3178 iusto
758 3129 977 3201 saepe
1057 3100 1567 3200 neglegentius
1646 3100 1777 3174 sed
1844 3100 2064 3173 etiam
2139 3100 2341 3173 haud
2405 3127 2575 3175 raro
2631 3103 2746 3192 sui

485 3226 717 3324 ipsius
788 3223 1088 3322 ingenio
1159 3221 1328 3320 plus
1399 3248 1626 3320 quam
1695 3220 1879 3295 fonti
1947 3246 2078 3293 suo
2145 3220 2316 3296 fidei
2389 3222 2743 3296 tribuens,

490 3372 662 3420 cum
726 3371 906 3418 uero
975 3356 1047 3419 et
1119 3341 1391 3417 codicis
1443 3344 1515 3414 A
1585 3353 2044 3414 exaratorem
2117 3366 2268 3413 non
2337 3366 2746 3439 numquam

488 3467 585 3539 ita
639 3465 1075 3539 dormitasse
1119 3463 1198 3536 in
1234 3473 1490 3563 aperto
1547 3462 1660 3549 sit,
1716 3473 1800 3534 ut
1852 3461 2239 3534 oculorum
2294 3460 2745 3535 aberratione

490 3587 857 3659 omitteret
923 3584 1070 3659 alia
1137 3584 1283 3657 alia
1345 3584 1592 3656 minus
1649 3581 2015 3679 sagaciter
2068 3573 2407 3655 minusue
2461 3584 2747 3656 curiose

488 3706 896 3808 indagaret,
956 3730 1143 3802 quae
1207 3706 1284 3777 in
1355 3704 1753 3803 archetypo
1830 3728 1964 3776 suo
2043 3703 2449 3791 inuenerat,
2534 3704 2747 3776 etiam

492 3824 723 3899 codici
779 3825 851 3897 Β
912 3805 1151 3910 multa
1221 3824 1584 3899 debentur
1637 3834 1710 3895 et
1779 3822 2253 3896 retribuenda
2322 3836 2513 3896 sunt.
2598 3849 2746 3920 quo

489 3944 766 4016 factum
848 3954 976 4036 est,
1065 3955 1150 4017 ut
1229 3944 1443 4017 etiam
1534 3944 1808 4019 codicis
1871 3946 1943 4018 Β
2024 3946 2267 4016 uarias
2348 3944 2747 4041 scripturas

495 4088 763 4160 easque
826 4064 1152 4160 integras
1217 4064 1669 4138 adnotationi
1736 4059 2022 4138 criticae
2088 4062 2311 4137 inseri
2365 4074 2747 4137 consenta-

491 4209 711 4256 neum
766 4183 1167 4257 uideretur.
