3380 4919
615 295 702 360 90
1590 290 1896 346 Saluiani

614 481 818 566 portio
860 482 949 547 ita
991 480 1337 559 existimet,
1399 498 1555 563 quae
1610 497 1864 561 peccare
1908 497 1974 545 se
2023 481 2245 545 nouit?
2319 498 2469 545 nam
2511 480 2585 545 ut
2628 479 2704 545 de
2748 478 2873 544 alio

614 586 936 651 hominum
980 602 1201 667 genere
1245 601 1369 648 non
1413 582 1638 661 dicam,
1686 582 2150 647 consideremus
2195 582 2362 649 solas
2407 581 2871 667 negotiatorum

614 691 678 754 et
720 687 1017 771 Syrorum
1083 685 1365 751 omnium
1430 687 1646 751 turbas
1662 733 1678 761 ‚
1747 703 1902 767 quae
1947 685 2250 751 maiorem
2294 687 2491 752 ferme
2538 685 2875 751 ciuitatum

612 791 1052 857 uniuersarum
1109 792 1355 873 partem
1416 789 1903 871 occupauerunt,
1964 789 2018 853 si
2064 789 2238 857 aliud
2284 790 2382 855 est
2425 789 2563 856 uita
2606 789 2872 855 istorum

614 895 891 960 omnium
936 911 1126 976 quam
1169 891 1499 957 meditatio
1545 891 1672 956 doli
1720 895 1785 957 et
1831 891 2059 957 tritura
2102 893 2447 972 mendacii,
2501 893 2614 957 aut
2655 892 2710 958 si
2753 910 2872 959 non
2918 909 2945 952 5

612 1001 815 1081 perire
848 997 1181 1063 admodum
1214 996 1405 1060 uerba
1434 997 1796 1075 aestimant,
1843 1014 2000 1077 quae
2033 995 2125 1060 nil
2155 995 2559 1080 loquentibus
2590 996 2869 1079 prosunt.

611 1103 829 1167 tantus
889 1101 1053 1184 apud
1115 1100 1224 1164 hos
1271 1100 1370 1165 dei
1413 1099 1612 1164 honor
1669 1103 1767 1165 est
1825 1099 2209 1182 prohibentis
2260 1099 2730 1179 iusiurandum,
2801 1102 2872 1164 ut

512 1198 597 1265 70
612 1203 997 1287 singularem
1064 1202 1400 1268 aestiment
1471 1203 1751 1266 fructum
1817 1218 1998 1267 omne
2069 1201 2433 1284 periurium.
2511 1200 2662 1282 quid
2730 1218 2874 1284 ergo

613 1308 846 1372 mirum
891 1304 1183 1370 barbaros
1228 1306 1462 1386 fallere,
1524 1308 1632 1388 qui
1676 1304 1976 1370 falsitatis
2024 1305 2262 1369 crimen
2305 1304 2645 1388 ignorant?
2714 1303 2874 1369 nihil

613 1410 786 1474 enim
842 1410 1209 1490 contemptu
1265 1408 1464 1490 agunt
1522 1408 1888 1473 caelestium
1932 1411 2424 1489 praeceptorum,
2474 1408 2875 1491 praeceptum
2893 1427 2944 1467 ιο

613 1510 851 1578 domini
908 1509 1269 1591 nescientes,
1328 1510 1478 1592 quia
1539 1528 1660 1575 non
1720 1509 1878 1575 facit
1920 1509 2158 1591 aliquid
2203 1513 2420 1575 contra
2462 1512 2668 1594 legem
2712 1511 2871 1595 legis

610 1613 890 1697 ignarus.
965 1614 1180 1678 noster
1238 1631 1382 1697 ergo
1443 1613 1548 1678 hic
1610 1613 2013 1695 peculiariter
2070 1612 2282 1677 reatus
2328 1616 2445 1694 est,
2515 1614 2623 1696 qui
2665 1614 2873 1698 legem

612 1716 897 1782 diuinam
938 1716 1209 1809 legimus
1254 1716 1319 1781 et
1361 1716 1592 1800 legalia
1620 1733 1869 1798 semper
1900 1714 2137 1798 scripta
2166 1716 2499 1792 uiolamus,
2545 1716 2654 1798 qui
2684 1717 2872 1782 deum

616 1837 795 1884 nosse
856 1837 967 1884 nos
1026 1819 1293 1884 dicimus
1341 1822 1404 1883 et
1449 1818 1619 1884 iussa
1675 1818 1851 1883 illius
1896 1836 1969 1883 ac
2010 1821 2344 1902 praecepta
2388 1818 2732 1897 calcamus;
2799 1837 2872 1884 ac

615 1941 724 2004 per
790 1922 905 1987 hoc
971 1940 1116 1987 cum
1182 1941 1327 1987 eum
1393 1939 1775 2004 spernamus,
1844 1942 2030 2004 quem
2091 1921 2213 1987 coli
2257 1940 2294 1985 a
2337 1923 2512 1988 nobis
2558 1922 2940 1988 credimusrs

615 2026 800 2107 atque
847 2025 1172 2104 iactamu8‚
1217 2026 1284 2091 id
1327 2028 1554 2108 ipsum,
1604 2025 1769 2106 quod
1802 2025 2010 2090 cultus
2042 2026 2139 2090 dei
2172 2024 2440 2102 uidetur,
2488 2024 2723 2089 iniuria
2753 2027 2867 2090 est.

511 2127 589 2193 71
698 2128 836 2192 XV.
905 2129 1204 2214 Denique,
1272 2133 1345 2195 ut
1389 2131 1466 2194 de
1525 2130 1797 2212 peccatis
1856 2128 2000 2193 aliis
2058 2127 2220 2192 nihil
2281 2127 2507 2207 dicam,
2577 2127 2716 2210 quis
2777 2131 2872 2192 est

614 2233 862 2298 omnino
908 2231 1233 2297 hominum
1278 2232 1695 2298 saecularium
1740 2233 1990 2313 praeter
2033 2249 2279 2313 paucoe,
2326 2230 2434 2313 qui
2479 2248 2603 2295 non
2635 2231 2715 2295 ad
2757 2231 2873 2297 hoc

610 2352 858 2416 semper
903 2333 1135 2401 Christi
1179 2353 1411 2401 nomenv
1452 2322 1521 2400 in
1566 2353 1669 2400 ore
1714 2335 1940 2400 habeat
1982 2336 2056 2398 ut
2101 2335 2415 2415 perieret?
2469 2333 2634 2398 unde
2679 2333 2871 2398 etiam

610 2439 1051 2523 peruulgatum
1122 2440 1237 2506 hoc
1309 2439 1439 2504 fere
1506 2441 1570 2503 et
1637 2441 1801 2521 apud
1875 2435 2117 2502 nobiles
2185 2440 2247 2502 et
2324 2436 2490 2521 apud
2562 2435 2942 2520 ignobileszo

611 2544 1074 2609 sacramentum
1105 2545 1227 2608 est:
1276 2543 1400 2626 ‘per
1429 2541 1752 2607 Christum
1786 2542 1932 2624 quia
1974 2540 2091 2607 hoc
2134 2541 2336 2619 facio'‚
2390 2541 2514 2624 'per
2549 2538 2872 2605 Christum

613 2646 762 2728 quia
805 2646 923 2711 hoc
970 2646 1124 2729 ago'‚
1197 2646 1322 2728 ‘per
1366 2644 1688 2712 Christum
1736 2645 1883 2726 quia
1927 2644 2092 2708 nihil
2148 2645 2319 2710 aliud
2366 2644 2644 2709 dicturus
2689 2643 2870 2721 sum',

617 2748 742 2829 ‘per
787 2745 1103 2812 Christum
1153 2750 1299 2831 quia
1341 2748 1502 2812 nihil
1553 2746 1724 2813 aliud
1780 2747 2034 2811 acturus
2095 2748 2275 2812 sum'.
2345 2750 2407 2812 et
2453 2745 2601 2830 quid
2646 2744 2872 2829 plura?

611 2842 679 2914 in
724 2850 788 2915 id
833 2850 1079 2932 penitus
1140 2850 1412 2916 deducta
1454 2868 1552 2915 res
1599 2852 1717 2925 est,
1780 2851 1871 2929 ut,
1934 2850 2098 2914 sicut
2144 2851 2220 2915 de
2267 2850 2535 2935 paganis
2588 2849 2869 2915 barbaris

611 2952 787 3034 prius
833 2953 1133 3031 diximuS‚
1179 2951 1414 3018 Christi
1458 2971 1683 3018 nomen
1729 2970 1853 3017 non
1899 2953 2193 3018 uideatur
2238 2954 2366 3018 iam
2412 2955 2871 3018 sacramentum
2891 2975 2942 3018 τε

717 3189 745 3242 1
784 3188 1056 3244 existimet
1078 3190 1231 3246 edd..·
1266 3191 1484 3259 estimet
1519 3190 1574 3243 A
1627 3191 1844 3244 estimet
1881 3193 1933 3243 Β
2105 3191 2139 3244 2
2174 3190 2455 3245 hominum
2480 3206 2551 3245 ex
2573 3191 2792 3245 homine
2815 3190 2871 3242 A

610 3289 751 3330 corr.
781 3290 852 3330 m,
876 3277 917 3330 2
1110 3276 1144 3329 3
1181 3277 1433 3345 Syrorum
1455 3276 1680 3344 scripsi.-
1728 3275 2025 3344 syricorum
2049 3277 2105 3329 A
2152 3276 2430 3331 siricorum
2453 3276 2509 3330 Β
2544 3277 2694 3345 ‘fort.
2725 3275 2874 3345 Syri-

609 3363 805 3416 corum’
822 3362 1100 3429 Halmius,
1125 3362 1220 3417 sed
1243 3378 1365 3418 cum
1389 3363 1619 3418 eandem
1637 3364 1873 3430 formam
1895 3364 1959 3418 in
1981 3369 2143 3417 textu
2164 3364 2379 3428 habeat,
2404 3379 2699 3431 operarum
2721 3377 2875 3417 error

607 3447 683 3501 sit
705 3464 919 3503 necesse
941 3454 1047 3516 est;
1079 3448 1314 3504 scribere
1349 3465 1471 3503 eum
1493 3449 1734 3503 uoluisse
1760 3448 2097 3517 Syriacorum
2123 3464 2192 3503 ex
2215 3448 2413 3504 Indice
2438 3449 2555 3503 eius
2576 3448 2696 3502 111
2714 3448 2873 3503 colle-

607 3535 784 3603 qerim
805 3534 902 3603 qui
924 3535 1003 3589 sic
1024 3535 1213 3589 habet:
1239 3534 1434 3604 ‘Syrici
1455 3534 1678 3603 (Syriaci
1688 3535 1757 3599 ⁴?)'
1894 3535 2156 3589 maiorum
2173 3534 2229 3588 Β
2364 3536 2400 3589 6
2423 3534 2504 3588 nil
2528 3534 2872 3604 loquentibus

609 3635 682 3675 ex
702 3619 1093 3689 illoquentibus
1116 3622 1173 3675 A
1195 3636 1332 3676 corr.
1360 3637 1430 3675 m.
1454 3623 1519 3674 2:
1572 3617 1716 3673 nihil
1739 3619 2083 3687 loquentibus
2109 3620 2165 3674 Β
2369 3620 2402 3673 ’1
2429 3619 2763 3689 prohibentis
2787 3620 2873 3675 ed.

599 3720 695 3774 pr.
748 3705 833 3772 (in
864 3721 900 3760 v
942 3704 1260 3773 prohibemns
1305 3711 1358 3761 et
1392 3706 1456 3760 in
1489 3720 1593 3774 ma.
1643 3722 1708 3758 ns
1761 3704 2182 3774 Brassicoenus):
2252 3705 2544 3774 prohibens
2597 3706 2764 3760 etiam
2817 3706 2873 3761 A

607 3790 899 3861 prohibens
933 3791 990 3846 Β
1195 3794 1229 3848 8
1264 3793 1520 3848 estiment
1555 3793 1611 3847 Β
1806 3805 1962 3846 omne
1997 3808 2068 3847 eoe
2104 3792 2253 3847 omni
2288 3793 2345 3846 A
2380 3807 2519 3848 corr.
2557 3810 2625 3847 m.
2652 3796 2721 3847 2:
2757 3808 2872 3847 om-

606 3877 761 3931 nium
797 3877 853 3931 Β
1058 3878 1092 3931 9
1128 3880 1222 3947 qui
1259 3883 1414 3947 (ante
1448 3878 1731 3944 falsitatis)
1770 3894 1842 3933 ex
1876 3879 2010 3949 quid
2046 3880 2102 3932 A
2138 3893 2281 3935 corr.
2317 3895 2386 3934 m.
2411 3884 2444 3934 1
2645 3879 2713 3933 10
2749 3896 2871 3935 con-

606 3963 849 4030 temptus
901 3961 958 4016 Β
1164 3964 1522 4034 praeceptum]
1564 3966 1852 4033 praecepta
1895 3963 1952 4018 Β
2158 3965 2226 4019 14
2268 3968 2549 4033 praecepta
2596 3967 2872 4021 soluamus

609 4047 870 4104 calcamus
919 4047 975 4101 Β
1180 4049 1245 4103 15
1290 4066 1409 4103 cum
1448 4066 1548 4106 om.
1596 4049 1653 4104 Β
1861 4050 1927 4103 19
1970 4050 2190 4119 perierit
2224 4050 2338 4104 sed.
2373 4067 2402 4103 r
2438 4049 2529 4105 del
2564 4057 2616 4106 et
2652 4052 2700 4105 it
2734 4056 2868 4106 mut.

608 4136 672 4190 in
705 4134 761 4188 et
794 4133 850 4186 A
902 4134 1101 4202 peieret
1135 4151 1204 4190 ex
1236 4135 1380 4205 peier
1415 4136 1471 4190 Β
1505 4151 1646 4191 corr.
1683 4135 1755 4201 cf.
1791 4135 1868 4189 ad
1901 4140 1936 4199 5
1960 4139 2035 4191 68
2058 4141 2109 4189 et
2132 4139 2206 4190 76
2385 4135 2455 4190 20
2489 4136 2869 4206 peruulgatam

607 4222 690 4275 A:
725 4236 818 4290 per
836 4219 1050 4273 uultum
1067 4218 1124 4273 Β
1295 4220 1364 4274 22
1385 4220 1526 4275 nihil
1550 4220 1701 4275 aliud
1725 4220 1965 4275 dicturus
1990 4222 2046 4276 Β
2070 4236 2210 4277 corr.
2237 4237 2303 4275 ex
2327 4222 2468 4276 nihil
2493 4222 2733 4277 dicturus
