3380 4919
1054 324 1128 377 de
1164 322 1437 392 gubern.
1475 324 1581 377 dei
1617 323 1695 377 VI
1741 328 1771 388 9
1806 322 2026 377 20-27.
2543 326 2659 391 131

403 535 556 582 cum
623 514 701 580 ab
769 532 839 580 eo
905 513 1141 596 aliquid
1207 512 1353 578 boni
1420 512 1712 594 capimus,
1782 531 1922 578 cnm
1989 513 2417 597 prosperitatis
2470 515 2547 579 ab
2593 531 2663 579 eo

412 618 657 701 aliquid
703 617 1084 683 adtribuitur
1130 620 1238 681 aut
1284 616 1545 681 uictoria
1574 618 1650 680 de
1695 613 1983 681 hostibus
2027 635 2064 680 a
2109 615 2441 680 diuinitate
2486 634 2663 698 prae-

413 723 636 787 statur.
716 722 778 785 et
834 718 985 801 quid
1055 717 1226 784 aliud
1291 719 1407 783 hac
1462 738 1528 784 re
1584 717 1800 784 facere·
1841 719 2148 798 uidemur,
2218 736 2403 801 quam
2458 719 2511 784 si
2557 719 2663 801 qui

413 824 651 890 homini
697 822 1061 889 beneficium
1110 822 1397 907 largienti
1442 821 1779 888 iniuriosus
1811 823 1897 887 sit
1926 829 2036 888 aut
2066 822 2488 888 blandientem
2519 840 2663 887 oon-

356 944 390 983 ’τ’
410 927 595 992 uiciis
641 926 861 991 caedat
905 925 1017 989 aut
1062 924 1400 990 osculantis
1447 925 1697 990 uultum
1728 944 2019 992 mucrone
2049 923 2421 1007 transfigat?
2472 927 2661 989 inter·
2682 930 2768 994 25

412 1046 559 1113 rogo
630 1029 800 1093 enim
867 1045 1077 1093 omnes
1144 1030 1431 1110 potentes
1493 1046 1566 1092 ac
1634 1028 1863 1094 diuites
1931 1028 2151 1094 mundi
2218 1027 2420 1108 huius,
2489 1027 2662 1092 cuius

409 1132 643 1215 piaculi
711 1149 853 1196 reus
912 1131 997 1195 sit
1054 1148 1268 1195 seruus
1313 1131 1440 1210 ille,
1510 1131 1618 1214 qui
1661 1131 1823 1197 bono
1870 1150 1941 1197 ac
1987 1131 2087 1214 pio
2134 1130 2379 1195 domino
2424 1130 2661 1194 malum

411 1236 666 1321 cogitet,
725 1237 831 1318 qui
887 1234 1043 1299 bene
1100 1233 1365 1299 merenti
1424 1233 1778 1299 conuicium·
1830 1233 2018 1299 faciat
2076 1235 2136 1298 et
2192 1251 2301 1315 pro
2345 1232 2658 1313 libertate,

411 1358 595 1420 quam
643 1337 902 1419 aceepit,
951 1337 1393 1402 contumeliam
1437 1337 1674 1403 reddat.
1734 1336 1968 1419 absque
2014 1337 2201 1403 dubio
2231 1338 2488 1403 maximi
2535 1338 2660 1403 cri-

334 1462 392 1500 ·10
410 1442 596 1507 minis
665 1460 805 1507 reus
872 1440 1151 1506 creditur
1210 1442 1317 1523 qui
1377 1443 1614 1505 malum
1676 1458 1786 1523 pro
1831 1441 1995 1506 bono
2041 1441 2267 1520 reddit,
2317 1440 2417 1506 cui
2466 1440 2659 1507 etiam

409 1546 646 1611 malum
689 1563 800 1626 pro
830 1544 995 1610 malo
1028 1544 1278 1609 reddere
1322 1562 1445 1609 non
1490 1545 1728 1608 liceret.
1794 1545 1908 1609 hoc
1954 1561 2098 1628 ergo
2136 1543 2329 1607 etiam
2371 1561 2505 1622 noS‚
2553 1542 2661 1625 qui

411 1646 751 1713 Christiani
817 1646 1100 1726 dicimur,
1168 1648 1463 1713 facimus:
1534 1648 1867 1713 inritamus
1924 1648 1989 1711 in
2045 1665 2154 1711 nos
2200 1647 2662 1712 misericordem

411 1751 591 1814 deum
661 1750 1135 1832 impuritatibus
1205 1751 1431 1816 nostris
1497 1749 1938 1834 propitiantem
2009 1750 2291 1815 sordibus
2359 1750 2661 1816 laedimus

411 1851 841 1917 blandientem
888 1853 1137 1919 iniuriis
1183 1855 1602 1919 uerberamus.

336 2013 389 2051 ³5
494 1989 568 2055 V.
641 1987 886 2054 Christo
934 2008 1077 2072 ergo
1129 1992 1188 2072 (o
1236 1991 1512 2055 amentia
1556 1991 1945 2055 monstruosa
1960 1991 2001 2072 Ξ)
2064 1989 2305 2055 Christo
2351 1991 2659 2056 circenses
2680 1992 2763 2055 26

410 2091 724 2155 offerimus
772 2093 835 2156 et
889 2095 1130 2170 mimoS‚
1203 2092 1448 2158 Christo
1511 2111 1620 2175 pro
1688 2091 2011 2157 beneficiis
2082 2092 2210 2156 suis
2273 2094 2666 2159 theatrorum

409 2193 681 2260 obscena
737 2196 1074 2275 reddimuS‚
1139 2194 1379 2260 Christo
1429 2197 1827 2283 ‚ludicrorum
1872 2195 2379 2277 turpissimorum
2423 2197 2657 2261 hostias

407 2297 830 2364 immolamus,
905 2300 1207 2365 uidelicet
1263 2300 1380 2363 hoc
1424 2316 1534 2363 nos
1581 2317 1690 2381 pro
1739 2297 1917 2363 nobis
1962 2299 2026 2362 in
2074 2316 2254 2362 carne
2300 2301 2487 2363 natus
2534 2301 2659 2364 sal-

407 2403 584 2468 uator
628 2403 835 2468 noster
880 2403 1159 2468 edocuit:
1218 2402 1334 2468 hoc
1386 2402 1490 2467 uel
1533 2421 1642 2484 per
1686 2420 1750 2467 se
1796 2400 2002 2483 ipsum
2048 2400 2152 2466 uel
2197 2418 2305 2485 per
2351 2403 2658 2483 apostolos

335 2504 810 2585 sopraedicauit.
902 2509 1151 2588 propter
1223 2506 1337 2571 hoc
1410 2505 1721 2594 humanae
1788 2502 2145 2569 natiuitatis
2214 2503 2658 2569 uerecundiam

409 2608 602 2675 subiit
689 2612 751 2673 et
838 2610 1280 2674 contumeliosa
1377 2609 1605 2673 terreni
1660 2609 1864 2700 'ortus
1952 2607 2257 2689 principia
2345 2609 2658 2689 suscepit:

407 2713 658 2794 propter
728 2711 842 2775 hoc
904 2712 972 2775 in
1039 2711 1356 2795 praesepio
1424 2712 1619 2776 iacuit
1665 2711 1764 2776 cui
1810 2711 2162 2775 seruierunt
2221 2710 2445 2792 angeli,
2515 2729 2660 2776 cum

408 2812 660 2879 iaceret:
731 2818 985 2897 propter
1049 2816 1164 2880 hoc
1230 2812 1468 2881 inuolui
1513 2834 1576 2880 se
1619 2832 1967 2896 pannorum
2038 2814 2391 2897 crepundiis
2456 2815 2660 2879 uoluit

410 2915 515 2997 qui
558 2909 825 3006 ‘caelum
893 2919 1143 3001 regebat
1200 2918 1262 2982 in
1321 2919 1572 3001 pannis:
1642 2919 1895 3000 propter
1950 2918 2066 2982 hoc
2111 2917 2178 2982 in
2222 2916 2500 2999 patibulo
2546 2935 2657 2998 pe-

339 3017 622 3100 25pendit
668 3038 850 3102 quem
898 3022 1272 3103 pendentem
1317 3013 1588 3086 mundus
1632 3019 1903 3102 expauit.
1965 3019 2098 3103 qui
2144 3023 2459 3103 propter
2501 3038 2655 3099 uos,
2678 3019 2759 3083 27

411 3122 615 3204 inquit
663 3123 1000 3205 apostolus
1069 3143 1354 3207 pauper
1412 3123 1670 3188 factus
1717 3121 1866 3199 est,
1936 3141 2102 3187 cum
2160 3124 2375 3188 diues
2432 3125 2656 3199 esset,

609 3308 677 3362 25
713 3310 771 3364 ΙΙ
809 3309 930 3363 Gor.
969 3310 1016 3374 8,
1056 3310 1088 3363 9

511 3482 540 3533 1
587 3478 796 3552 aliquid
842 3479 908 3534 ab
956 3496 1018 3534 eo
1069 3482 1219 3547 (ame
1255 3479 1471 3544 adtrib.)
1519 3480 1574 3533 Β
1781 3480 1816 3533 2
1862 3480 2161 3550 praestetur
2209 3480 2264 3533 Β
2308 3496 2377 3535 m.
2413 3484 2472 3543 1,
2527 3480 2657 3533 item

402 3566 587 3619 statim
638 3565 854 3619 uidetur
911 3582 978 3619 m.
1015 3570 1046 3619 1
1255 3566 1289 3619 3
1343 3566 1497 3633 quasi
1550 3565 1660 3618 AB
1714 3565 1808 3619 sed
1859 3567 1923 3619 in
1974 3567 2028 3619 A
2084 3566 2289 3620 lineola
2341 3564 2469 3619 add.
2517 3582 2584 3618 m.
2622 3569 2657 3619 2

403 3665 570 3718 super
604 3666 636 3703 a
833 3650 868 3703 4
903 3666 1023 3705 cum
1059 3651 1215 3705 uiciis
1251 3651 1305 3704 Β
1500 3651 1533 3703 5
1570 3649 1859 3719 transfigat
1897 3651 1949 3704 Β
2144 3650 2177 3704 6
2212 3650 2371 3718 enim]
2409 3652 2507 3704 hoc
2542 3652 2657 3705 loco

405 3735 499 3789 ·N·
541 3736 598 3790 A
806 3753 985 3791 omnes
1020 3738 1075 3791 Β
1111 3752 1154 3793 8.
1181 3739 1216 3792 l.
1423 3739 1457 3791 8
1493 3738 1724 3792 merenti
1761 3753 1827 3791 ex
1862 3739 2095 3791 merente
2129 3739 2185 3791 A
2221 3752 2356 3792 corr.
2395 3752 2467 3795 m.
2492 3742 2523 3791 1

406 3822 438 3875 9
472 3823 675 3891 accepit
711 3822 1002 3877 Halmius.-
1038 3823 1232 3893 accipit
1266 3824 1376 3877 AB
1402 3824 1558 3892 (rell.)
1750 3824 1887 3877 redit
1911 3826 1961 3877 A
2160 3824 2225 3878 10
2247 3824 2439 3878 reddat
2463 3825 2518 3878 Β

403 3909 564 3961 etiam
603 3923 734 3978 ergo
767 3908 821 3961 A
855 3908 954 3963 sed
988 3909 1207 3963 adiecta
1239 3915 1374 3964 sunt
1407 3907 1855 3977 transpositionis
1888 3910 2047 3979 siqua
2080 3925 2149 3962 m.
2186 3914 2218 3963 1
2430 3910 2495 3964 13
2541 3926 2660 3979 pro-

404 3993 694 4060 piciantem
731 3995 787 4048 A
993 3995 1059 4049 19
1095 3995 1183 4049 uel
1216 4011 1272 4049 se
1302 3995 1365 4049 B
1568 3996 1631 4049 21
1671 3996 1937 4065 principia
1973 3996 2051 4049 B:
2100 3996 2418 4065 principalia
2453 3996 2548 4050 sed
2583 3997 2659 4050 lia

398 4086 590 4147 punct.
619 4087 670 4135 et
693 4095 861 4149 super
882 4097 951 4150 pa
972 4096 1072 4139 scr.
1099 4098 1168 4135 m.
1193 4085 1230 4136 2
1254 4081 1274 4134 i
1299 4081 1352 4134 A
1375 4080 1670 4151 Halmius5
1696 4088 1930 4137 ceterum
1953 4081 2055 4147 cfr.
2080 4081 2241 4148 infra
2264 4088 2314 4146 6.
2339 4086 2425 4137 33.
2452 4086 2523 4136 34

362 4193 366 4198 ·
401 4164 472 4219 23
523 4166 825 4235 crepondiis
877 4182 1046 4235 swper
1090 4184 1119 4220 o
1155 4182 1256 4222 scr.
1293 4184 1329 4221 u
1366 4183 1434 4221 m.
1471 4170 1510 4221 2
1547 4170 1600 4221 A
1805 4168 1874 4222 25
1928 4184 2028 4221 uos>
2075 4167 2338 4237 Vulqata‘:
2398 4184 2495 4222 nos
2547 4168 2661 4222 AB
2732 4162 2735 4164 Α

406 4252 661 4307 Halmius
2049 4291 2054 4298 .
2118 4287 2124 4298 .

2380 4359 2451 4410 9*
