3380 4919
1162 309 1238 363 ad
1275 310 1631 364 ecclesiam
1677 311 1769 365 III
1812 315 1843 375 ξ
1877 310 2101 365 45-51.
2634 313 2761 380 285

504 501 852 583 refugerat,
911 499 1019 582 qui
1074 499 1497 566 membrorum
1554 518 1808 565 suorum
1865 500 2178 566 ulceribus
2236 518 2418 567 canes
2475 505 2761 583 pauerat,

503 621 687 684 quem
755 605 1066 670 scatentes
1132 602 1445 668 uermium
1499 602 1669 685 globi
1738 603 1929 668 etiam
1997 603 2166 669 intra
2222 622 2498 669 recessus
2560 606 2761 688 peresi

504 707 776 788 corporis
840 708 1183 772 exararant.
1262 725 1296 771 o
1363 706 1575 787 grauis
1642 706 1911 771 nimium
1978 710 2043 770 et
2109 707 2378 790 lugenda
2443 707 2757 774 condicio!
2778 707 2863 774 49

501 827 739 891 pauper
784 809 1242 875 beatitudinem
1287 809 1442 875 emit
1487 810 1897 875 mendicitate
1928 811 2104 875 diues
2136 811 2513 893 supplicium
2558 812 2760 877 facul-

459 914 666 978 5tate:
728 930 982 993 pauper,
1032 929 1176 978 cum
1221 914 1467 995 penitus
1516 913 1608 978 nil
1652 913 1925 990 haberet,
1972 915 2131 979 emit
2172 916 2456 980 aeternas
2500 915 2758 981 diuitias

503 1016 802 1096 egestate.
881 1033 915 1080 o
961 1019 1194 1097 quanto
1246 1015 1358 1081 has
1404 1014 1649 1081 facilius
1696 1016 1831 1082 tam
1874 1017 2077 1081 multa
2120 1036 2331 1082 rerum
2375 1018 2762 1099 possessione

503 1118 676 1182 diues
717 1121 1007 1200 potuerat
1052 1138 1403 1202 conparare,
1451 1120 1559 1201 qui
1603 1121 1767 1185 inter
1811 1122 2124 1186 tormenta
2154 1123 2447 1185 aestuans
2485 1125 2547 1185 et
2592 1121 2757 1185 inter

501 1221 805 1303 supplicia
845 1221 1267 1303 proclamans:
1327 1225 1580 1306 pater,
1627 1223 1853 1304 inquit,
1899 1223 2331 1301 Abraham,
2382 1222 2760 1289 miserere

500 1324 651 1388 mei
712 1327 791 1389 et
847 1323 1082 1389 mitte
1145 1325 1639 1404 Eleazarum,
1705 1327 1795 1389 ut
1848 1325 2271 1406 intinguat
2329 1331 2760 1392 extremum

434 1426 745 1511 1odigiti
813 1427 935 1492 sui
990 1429 1067 1492 in
1125 1447 1357 1510 aqua,
1425 1432 1512 1493 ut
1556 1428 1995 1510 refrigeret
2061 1429 2422 1508 linguam
2480 1448 2758 1509 meam,

502 1531 683 1612 quia
728 1531 1041 1596 crucior
1085 1530 1165 1595 in
1208 1531 1348 1597 hac
1392 1531 1732 1596 flamma.
1810 1550 1931 1597 non
1989 1532 2276 1598 horrebat
2321 1536 2473 1597 tunc
2519 1532 2760 1598 scilicet

502 1633 678 1698 diues
722 1634 828 1699 ille
873 1634 1155 1699 Eleazari
1201 1637 1506 1715 quondam
1540 1634 1835 1717 pauperis
1866 1653 2124 1701 manum
2152 1653 2268 1700 nee
2299 1636 2758 1720 dedignabatur

504 1737 835 1801 auxilium:
900 1737 1092 1801 inseri
1150 1737 1283 1802 eius
1330 1737 1561 1822 digitos
1608 1740 1702 1803 ori
1745 1755 1855 1803 suo
1900 1742 1965 1803 et
2010 1739 2287 1822 mitigari
2335 1740 2755 1806 intolerandas

502 1838 778 1905 faucium
837 1838 1124 1905 flammas
1183 1841 1354 1907 illius
1413 1842 1657 1923 pridem
1719 1841 1984 1907 faetidae
2029 1859 2103 1906 ac
2147 1844 2487 1924 squalentis
2533 1861 2758 1908 manus

433 1967 485 2010 ιε
499 1961 758 2007 munere
821 1945 1201 2024 postulabat.
1275 1962 1310 2007 ο
1366 1946 1600 2027 quauta
1665 1963 1878 2009 rerum
1944 1946 2215 2010 mutatio
2282 1946 2448 2011 facta
2516 1946 2758 2012 fuerat!

502 2045 677 2127 tangi
744 2050 898 2110 tunc
943 2045 1022 2111 ab
1071 2065 1143 2112 eo
1188 2048 1599 2125 desiderabat,
1668 2066 1854 2130 quem
1920 2050 2111 2114 etiam
2177 2049 2390 2115 uidere
2447 2054 2590 2115 ante
2649 2051 2760 2115 de·

501 2148 795 2230 spexerat.

587 2269 733 2333 XII.
797 2271 967 2334 Haec
1013 2290 1158 2354 ergo
1205 2271 1433 2336 diuites
1491 2273 1781 2353 cogitent,
1844 2273 1951 2353 qui
1996 2273 2297 2336 redimere
2343 2271 2754 2338 facultatibus
2772 2269 2860 2338 50

503 2372 632 2436 suis
691 2373 932 2450 nolunt,
992 2392 1068 2438 ne
1127 2376 1251 2439 ista
1305 2375 1647 2456 patiantur.
1724 2375 1897 2439 diues
1944 2375 2067 2439 fuit
2110 2375 2241 2452 ille,
2300 2375 2376 2438 de
2422 2393 2541 2456 quo
2586 2394 2756 2440 nunc

431 2475 834 2558 noloquimur,
883 2477 1111 2543 diuites
1157 2479 1306 2543 sunt
1350 2480 1414 2543 et
1457 2480 1586 2557 isti,
1635 2479 1714 2544 ad
1760 2497 1911 2561 quos
1955 2497 2121 2543 nunc
2163 2479 2493 2561 loquimur.
2569 2481 2754 2545 unius

503 2583 652 2645 sunt
712 2582 1012 2646 nominis:
1076 2587 1338 2647 caueant
1382 2602 1459 2647 ne
1505 2584 1632 2647 sint
1693 2584 1881 2647 etiam
1927 2582 2303 2647 condicionis
2348 2582 2553 2648 unius
2630 2602 2756 2648 non

502 2682 855 2748 liberabunt
922 2686 1090 2751 enim
1155 2686 1271 2750 filii
1337 2685 1564 2751 diuites
1629 2690 1916 2767 parentes
1985 2703 2152 2763 reOS,
2231 2704 2344 2750 nec
2409 2686 2758 2767 restinguet

503 2785 789 2850 flammas
835 2786 1051 2851 miseri
1109 2788 1424 2852 testatoris
1468 2788 1710 2853 deliciis
1755 2788 2126 2852 afluentibus
2174 2787 2505 2869 opulentus
2551 2789 2756 2854 heres,

505 2887 731 2953 durum
799 2890 897 2954 est
961 2890 1041 2954 ab
1108 2891 1313 2972 aliquo
1378 2890 1524 2956 filiis
1593 2910 1664 2956 ac
1727 2892 2087 2974 propinquis
2160 2907 2383 2972 parum
2449 2889 2853 2974 relinquit5l

431 3017 484 3059 25
506 2994 706 3056 multo
752 2997 846 3057 est
892 2994 1107 3059 durius
1152 2996 1215 3059 in
1262 2995 1633 3059 aeternitate
1678 2995 1975 3077 torqueri.
2039 2993 2256 3075 opinor
2293 2996 2457 3059 euim
2490 2994 2756 3060 diuitem

504 3094 706 3179 illum,
766 3114 906 3160 cum
953 3099 1358 3179 torqueretur,
1418 3115 1539 3162 non
1583 3099 1835 3162 tantum
1882 3098 2276 3164 delectabant
2319 3116 2464 3179 opes
2507 3098 2756 3164 heredis

503 3199 597 3263 sui
665 3203 969 3281 quantum
1034 3201 1348 3283 angebant
1412 3202 1729 3265 tormenta
1796 3202 2064 3283 corporis
2133 3202 2247 3281 sui,
2317 3220 2439 3267 non
2506 3202 2757 3267 tantum

707 3386 742 3439 8
786 3385 912 3439 Luc.
953 3386 1034 3453 16,
1069 3386 1138 3440 24

605 3555 638 3608 5
674 3555 922 3623 paenitus
957 3557 1012 3610 A
1194 3558 1229 3611 8
1263 3555 1441 3624 inquit
1477 3572 1547 3609 ex
1581 3555 1771 3623 inquid
1808 3572 1947 3610 corr.
1983 3572 2052 3610 m.
2076 3559 2116 3611 2
2151 3557 2206 3610 Β
2390 3559 2423 3610 9
2458 3557 2755 3612 ..l-azarum

504 3657 641 3697 eras.
680 3643 763 3696 bis
796 3644 874 3697 lit.
915 3660 943 3697 e
975 3643 1071 3697 sed
1105 3643 1189 3696 ita
1222 3648 1285 3696 ut
1333 3658 1446 3697 non
1493 3642 1717 3697 omnino
1762 3643 2054 3698 monuerit
2097 3644 2154 3697 A
2212 3644 2445 3697 lazarum
2491 3644 2573 3710 B,
2626 3645 2755 3698 item

493 3731 669 3798 paulo
696 3736 826 3799 post
860 3729 1079 3783 ala-anari
1117 3734 1170 3783 et
1204 3728 1373 3782 lazari
1549 3729 1610 3781 11
1649 3729 1860 3783 orrebat
1896 3730 1950 3783 Β
2129 3730 2195 3783 13
2230 3732 2344 3784 eius
2378 3729 2543 3783 inseri
2577 3731 2755 3800 siquis

503 3817 953 3884 transpositionis
987 3815 1197 3869 additis
1233 3815 1287 3868 Β
1492 3814 1878 3869 intollerandas
1917 3816 1971 3869 Β
2177 3816 2245 3870 14
2278 3814 2507 3869 foetidae
2545 3816 2662 3883 (sio)
2700 3818 2755 3871 A

502 3902 657 3971 faede
709 3918 751 3956 s.
802 3918 903 3956 scr.
953 3918 1022 3956 m.
1071 3903 1111 3955 2
1162 3900 1212 3953 ti
1263 3900 1318 3953 Β
1556 3901 1622 3954 16
1675 3901 1820 3954 tanti
1875 3901 1930 3954 Β
2156 3902 2458 3969 dispexerat
2505 3902 2614 3956 AB

504 3989 588 4043 18.
622 3989 693 4042 20
735 3986 1290 4055 diuites—loquimur
1327 3993 1456 4054 post
1501 3989 1629 4041 sunt
1673 3986 1905 4040 nominis
1947 3987 2105 4041 habet
2138 3988 2195 4041 A
2227 3987 2321 4044 scd
2355 3988 2529 4057 siquis
2562 3994 2749 4043 trans·

497 4074 789 4141 positionis
823 4092 892 4129 m.
916 4079 947 4128 1
986 4080 1037 4129 et
1069 4091 1139 4129 m.
1173 4076 1213 4128 2
1247 4088 1289 4127 s.
1314 4073 1473 4126 unius
1497 4089 1599 4128 scr.
1626 4072 1676 4136 b,
1712 4088 1755 4126 s.
1782 4072 1982 4126 diuites
2005 4090 2038 4127 a
2061 4072 2143 4127 lit.
2332 4074 2396 4128 21
2424 4074 2753 4127 conditionis

503 4160 592 4214 hic
625 4161 682 4214 A
851 4162 920 4214 23
955 4160 1153 4213 diliciis
1189 4159 1512 4214 afluentibus
1549 4159 1661 4213 AB
1714 4159 1785 4226 cf.
1815 4160 1993 4226 paulo
2019 4165 2150 4228 post
2185 4166 2236 4213 et
2272 4160 2351 4215 II
2377 4164 2452 4214 48
2624 4176 2752 4229 opu·

503 4245 684 4299 lentus
720 4262 786 4301 ex
823 4247 993 4300 ·tibus
1031 4263 1169 4302 corr.
1207 4262 1275 4300 m.
1312 4248 1352 4301 2
1386 4245 1440 4299 Β
1646 4247 1797 4300 heres
1844 4262 1910 4300 em
1956 4245 2171 4301 heredes
2205 4262 2342 4302 corr.
2378 4263 2447 4301 m.
2485 4249 2525 4301 2
2561 4247 2616 4299 A

2823 4475 3272 4606 f&

2605 4695 2787 4813 A
