3380 4919
627 259 748 331 108
1306 284 1307 287 =
1454 312 1457 315 ,
1548 276 1553 281 ·
1599 253 1916 309 Saluiani

624 452 792 521 tasse
836 446 1050 530 aliqui,
1099 447 1204 529 qui
1237 445 1306 512 in
1336 445 1453 512 hac
1482 444 1835 512 uastatione
1866 446 2255 525 succurrant,
2302 444 2428 529 qui,
2474 446 2549 511 ut
2577 445 2884 529 scriptum·

624 555 743 632 est„
802 550 1073 634 eripiant
1130 568 1397 635 egenum
1443 552 1505 615 et
1556 567 1895 633 pauperem
1939 547 2015 614 de
2039 566 2249 615 ‘manu
2292 548 2655 630 peccatoris.
2732 566 2882 631 non

533 658 772 734 west,
849 654 980 737 qui
1044 652 1294 727 faciat
1368 653 1682 736 bonum,
1758 669 1911 719 non
1978 652 2094 717 est
2131 662 2401 736 ‘paene
2474 669 2734 734 usque·
2792 655 2883 719 ad

623 776 873 827 unum.
947 757 1086 827 ideo
1153 755 1315 823 dixit
1377 749 1589 839 ‘paene
1649 774 1845 838 usque
1900 758 1979 823 ad
2022 747 2272 839 unum',
2328 757 2484 839 quia
2544 756 2726 822 tanta
2755 784 2758 787 “
2789 757 2883 821 est

623 860 848 929 raritas
915 860 1240 937 bonorum,
1308 860 1383 926 ut
1446 872 1645 942 paene
1709 879 1871 926 unus
1939 868 2076 925 esse
2114 860 2445 926 uideatur.
2469 860 2663 942 quis
2710 860 2880 927 enim
2921 877 2948 920 ε

624 965 872 1031 uexatis
950 982 1023 1030 ac
1094 962 1524 1031 laborantibus
1597 982 1777 1046 opem
1825 963 2100 1030 --tribuat
2108 1013 2127 1047 ‚
2191 981 2365 1029 :cum
2456 963 2882 1046 improborum

626 1069 949 1137 hominum
1004 1066 1343 1137 uiolentiae
1403 1067 1594 1134 etiam
1652 1067 2004 1134 sacerdotes
2062 1067 2298 1133 domini
2361 1086 2485 1133 non
2528 1068 2829 1149 resistant
2849 1069 2881 1132 P

521 1176 609 1244 20
625 1189 769 1239 nam
815 1175 939 1239 aut·
984 1171 1199 1239 tacent
1265 1171 1529 1254 plurimi
1568 1189 1781 1238 eorum
1811 1172 1947 1237 ,aut
2003 1171 2242 1239 similes
2273 1202 2278 1209 <
2304 1175 2449 1236 sunt
2505 1171 2880 1255 tacentibuS,

625 1275 875 1345 etiamsi
919 1274 1272 1358 loquantur,
1312 1275 1380 1341 et
1424 1274 1543 1341 hoc
1584 1273 1773 1340 multi
1811 1284 1942 1341 ‘non
1984 1274 2407 1340 inconstantia
2451 1277 2559 1340 sed
2605 1275 2880 1356 consilio,

623 1381 697 1445 ut
740 1380 988 1462 putant,
1050 1382 1246 1461 atque
1311 1378 1570 1447 ratione.
1648 1379 1924 1463 exertam
1988 1378 2154 1444 enim
2187 1412 2190 1415 ·
2222 1380 2556 1444 ueritatem
2609 1378 2883 1463 proferre
2899 1397 2949 1439 10

527 1503 539 1553 ε
623 1482 865 1559 nolunt,
936 1483 1085 1565 quia
1126 1500 1266 1550 eam
1307 1501 1499 1549 aures.
1533 1481 1966 1564 improborum
2030 1481 2360 1547 hominum
2403 1484 2715 1549 sustinere
2758 1502 2882 1550 non

622 1589 903 1669 possunt,
949 1606 1083 1653 nec*
1107 1586 1682 1670 solum-refugiunt
1725 1586 1848 1652 sed
1878 1586 2073 1651 etiam
2102 1587 2370 1652 oderunt
2398 1589 2461 1653 et
2492 1588 2879 1667 execrantur,

625 1695 691 1759 et
731 1709 855 1757 non
901 1691 1083 1756 modo
1129 1688 1415 1757 auditam
1442 1708 1583 1756 -non
1626 1691 1990 1779 reuerentur.
2034 1693 2145 1756 aut
2182 1692 2476 1756 metuunt
2502 1691 2611 1756 sed
2639 1691 2878 1756 maiore

624 1793 816 1859 etiam
883 1790 1296 1877 superbientis
1359 1793 1771 1877 peruicaciae·
1811 1793 2241 1877 perduellione
2309 1796 2739 1860 contemnunt.
2817 1794 2881 1858 et

624 1896 762 1963 ideo
809 1900 1022 1967 tacent
1065 1899 1255 1963 etiam
1278 1898 1406 1979 ‚qui
1436 1897 1609 1980 loqui
1652 1899 1932 1981 possunt,
1978 1899 2132 1965 dum
2161 1899 2313 1982 ipsis
2344 1897 2664 1963 interdum
2693 1897 2880 1962 malis
2899 1916 2950 1958 ιι

625 2005 913 2084 parcunt,
980 2018 1100 2065 nec
1157 2000 1380 2067 uolunt
1442 1999 1532 2067 eis
1576 2001 1711 2069 uim
1772 2005 2024 2083 apertae
2083 2019 2367 2084 promere
2424 1999 2730 2078 ueritatis,
2803 2019 2880 2065 ne

520 2104 600 2172 21
627 2103 858 2171 faciant
902 2121 1004 2170 eos
1046 2103 1297 2187 ingesta
1339 2104 1547 2170 acrius
1590 2104 1861 2170 ueritate
1902 2104 2162 2186 peiores.
2223 2105 2388 2169 inter
2432 2103 2584 2169 baec
2618 2107 2880 2169 uastan-

624 2212 730 2277 mr
772 2226 1094 2292 pauper-ee,
1155 2206 1383 2274 uiduae
1426 2207 1710 2302 gemunt,
1753 2206 1962 2274 *orfani
2005 2210 2469 2291 proculcantur,
2513 2208 2582 2273 in
2626 2209 2882 2273 tantum

625 2312 696 2377 ut
740 2312 928 2379 multi
970 2320 1202 2395 eorum,
1258 2315 1341 2376 et·
1363 2330 1490 2404 non
1536 2311 1819 2378 obscuris
1863 2311 2176 2378 natalibus
2223 2311 2384 2379 editi
2427 2312 2493 2378 et
2536 2310 2881 2377 liberaliter

622 2414 922 2494 instituti,
968 2415 1049 2482 'ad
1078 2415 1292 2486 hostes
1319 2414 1592 2501 fugiant,
1624 2434 1706 2483 ne
1734 2415 2183 2500 persecutionis
2210 2415 2497 2500 publicae
2527 2414 2880 2482 adflictione
2900 2427 2952 2471 ιο

622 2519 991 2595 moriantur,
1020 2520 1459 2601 ,quaerentes1‘
1494 2520 1737 2585 scilicet
1801 2518 1968 2604 apud
2015 2518 2323 2596 ,barbaros
2367 2520 2718 2585 Romanam
2764 2518 2881 2583 hu-

621 2624 1031 2701 manitatem,
1048 2623 1209 2705 ¹quia
1246 2622 1416 2707 apud
1444 2624 1759 2689 Romanos
1783 2623 2124 2688 barbaram
2151 2622 2684 2689 inhumanitatem
2720 2622 2882 2689 ferre

623 2745 746 2793 non
772 2726 1077 2810 possunt,
1147 2729 1209 2790 et
1249 2726 1549 2808 quamuis.
1585 2725 1666 2791 ab
1712 2724 1829 2810 his,
1889 2728 1967 2792 ad
2012 2744 2166 2809 quos
2212 2725 2601 2809 confugiunt,
2647 2725 2881 2802 discr-e-⁵

624 2832 776 2911 pent
819 2828 951 2896 ritu
1006 2829 1360 2912 discrepent
1418 2828 1654 2913 lingua,
1721 2830 1857 2913 ipso
1919 2829 2141 2906 etiam,
2199 2832 2273 2895 ut
2318 2830 2409 2894 ita
2452 2829 2673 2909 dicam,
2709 2831 2712 2834 ’
2742 2849 2880 2896 cor-

623 2949 846 3015 porum
911 2935 1098 3015 atque
1170 2932 1576 3000 induuiarum
1648 2933 2117 2999 barbaricarum
2180 2932 2413 2998 foetore
2479 2931 2879 3010 dissentiant,
2899 2948 2953 2991 ει

625 3034 870 3101 malunt
939 3036 1153 3100 tamen
1197 3034 1285 3102 ιιι
1321 3036 1600 3122 barbaris
1666 3037 1802 3119 pati
1862 3037 2105 3114 cultum
2164 3036 2535 3106 dissimilem
2579 3053 2768 3130 quam
2814 3036 2881 3100 ιιι

516 3083 924 3205 223οιιιαιιιε
971 3138 1350 3204 iniustitiam
1396 3119 1802 3205 saeuientem.
1865 3141 2076 3222 itaque
2120 3141 2357 3222 passim
2400 3139 2505 3205 uel
2535 3139 2615 3204 ad
2645 3123 2880 3205 Gothos

622 3242 725 3307 uel
792 3242 872 3308 ad
918 3243 1235 3308 Bacaudas
1301 3243 1404 3308 uel
1460 3243 1541 3309 ad
1607 3243 1761 3309 alios
1828 3244 2058 3326 ubique
2123 3244 2515 3310 dominantes
2585 3244 2878 3310 barbaros

743 3389 747 3396 ⁴
830 3431 856 3484 1
897 3396 1054 3484 Psals
1078 3431 1161 3498 81,
1196 3431 1232 3485 4
1437 3429 1472 3485 2
1509 3391 1843 3498 Psa1.13,-⁸3

726 3604 752 3657 1
776 3603 868 3672 qui
889 3606 1042 3668 (ante
1062 3604 1141 3669 in)
1163 3618 1263 3658 om.
1285 3602 1343 3657 Β
1364 3619 1432 3658 m.
1455 3607 1487 3657 1
1658 3604 1958 3680 uastatione
1981 3602 2081 3657 hac
2103 3603 2160 3670 A
2182 3603 2277 3658 sed
2299 3603 2517 3660 adiecta
2542 3606 2677 3657 sunt
2700 3605 2884 3657 trans·

612 3677 907 3757 positionis
941 3691 1103 3759 siqua
1136 3706 1205 3743 m.
1241 3693 1274 3744 1
1466 3689 1503 3743 4
1544 3688 1655 3745 dixi
1702 3690 1757 3743 Β
1955 3689 1987 3743 6
2022 3688 2460 3746 aclaborantibus
2496 3704 2612 3754 non
2646 3669 2881 3752 adabor„

619 3779 687 3850 ut
721 3766 876 3842 a'pud
908 3765 1218 3841 Halmium,
1253 3774 1334 3829 A.
1370 3777 1534 3843 atque
1578 3773 1686 3828 lab.
1723 3774 1780 3828 B
1814 3779 1875 3828 ut
1909 3773 2127 3844 quidem
2162 3773 2389 3829 uidetur
2543 3774 2663 3828 10
2697 3773 2883 3828 exher-

621 3861 738 3913 tam
761 3858 857 3912 sed
891 3857 928 3911 h
956 3874 1094 3913 erac.
1130 3859 1185 3913 A
1394 3859 1464 3914 14
1486 3859 1852 3929 superbientes
1874 3859 2208 3930 peruigatiae
2231 3860 2327 3915 sed
2350 3876 2518 3930 super
2542 3875 2580 3929 g
2603 3858 2734 3917 aad.
2760 3876 2787 3915 c
2810 3874 2882 3915 m.

621 3946 658 4001 2
680 3945 735 3998 A
901 3943 1310 4011 perduellionem
1332 3946 1389 4000 Β
1558 3945 1628 4000 15
1653 3946 1793 3999 male
1818 3945 1875 3998 Β
1911 3935 1918 3952 ’
1976 3956 1986 3967 ·
2050 3945 2118 4024 16
2152 3949 2333 4015 aperte
2368 3946 2425 4000 A
2474 3948 2656 4016 aperte
2690 3945 2747 4000 Β

620 4031 690 4085 -17
714 4031 772 4084 ιιι
799 4032 936 4085 iesta
958 4032 1014 4086 A
1035 4032 1132 4087 sed
1155 4032 1219 4086 in
1241 4045 1414 4103 mas-9.
1436 4032 1568 4088 add.
1591 4049 1658 4086 m.
1685 4048 1792 4087 rec.
1818 4033 2028 4101 ingesta
2199 4032 2269 4087 20
2291 4032 2515 4103 fugiunt
2537 4034 2594 4088 Β
2618 4048 2689 4091 m.
2715 4036 2748 4088 1

620 4116 691 4171 23
734 4117 1037 4185 discrepent
1071 4117 1182 4170 ritu
1219 4133 1319 4173 om.
1363 4118 1419 4171 A
1624 4118 1695 4178 25
1740 4117 2076 4171 induriar‘um
2120 4118 2217 4173 sed
2262 4132 2431 4187 super
2464 4134 2492 4173 ι·
2526 4134 2630 4175 scr.
2649 4134 2733 4174 ·m.
2772 4120 2885 4175 2·u

621 4203 677 4258 A
882 4203 950 4258 28
984 4203 1308 4272 Abagaudas
1343 4203 1398 4258 B
2693 4219 2698 4226 ·
2723 4203 2728 4206 ’
