3380 4919
1123 300 1200 354 de
1234 299 1515 369 gubern.
1547 299 1654 355 dei
1696 300 1774 355 VI
1818 304 1848 365 9
1883 301 2101 356 52-58.
2616 302 2733 366 141

487 490 894 556 uacillantem
964 506 1170 554 arcam
1238 488 1474 554 domini
1538 489 1847 553 sustinere
1903 489 2287 569 temptauit?
2354 487 2513 552 nihil
2571 488 2738 554 enim

490 595 631 660 hinc
675 598 808 659 erat
852 593 990 676 lege
1032 595 1454 675 praeceptum.
1529 594 1590 656 et
1634 594 1848 657 tamen
1903 591 2125 656 statim
2170 590 2321 655 dum
2365 591 2735 673 sustinebat,

485 695 791 761 extinctus
838 698 951 774 est,
998 713 1119 760 non
1164 693 1329 777 quia,
1377 698 1451 758 ut
1494 692 1765 770 uidetur,
1810 692 1891 759 ad
1926 692 2191 776 speciem
2224 694 2571 758 contumaci
2616 693 2738 758 ali-

486 798 643 881 quid.
681 802 791 866 aut
836 797 1176 864 inofficiosa
1218 798 1435 863 saltim>
1476 798 1687 862 mente
1731 795 2138 875 commiserit,
2198 798 2306 860 sed
2349 796 2484 877 ipso
2528 794 2735 862 officio

443 925 468 964 5
486 901 863 968 inofficiosus
907 901 1050 980 fuit,
1097 900 1246 984 quia
1287 901 1531 967 iniussa
1570 901 2005 982 praesumpsit.
2082 899 2265 969 homo
2309 899 2735 965 Israheliticae
2752 898 2846 966 55

484 1004 681 1088 plebis
713 1022 857 1069 cum
888 1004 1061 1089 ligna
1090 1003 1375 1069 sabbatis
1407 1003 1790 1086 collegisset,
1835 1001 2075 1070 occisus
2106 1007 2223 1081 est,
2271 1006 2334 1069 et
2363 1002 2476 1069 hoc
2505 1003 2736 1070 iudicio

486 1125 558 1172 ac
600 1109 774 1173 iussu
833 1107 951 1190 dei,
1015 1107 1285 1189 piissimi
1352 1106 1594 1173 scilicet
1653 1125 1728 1172 ac
1781 1105 2344 1175 misericordissimi
2410 1105 2629 1173 iudicis
2673 1109 2737 1172 et

485 1212 591 1294 qui
633 1229 881 1293 parcere
936 1209 1170 1293 absque
1226 1210 1423 1275 dubio
1469 1227 1657 1293 quam
1703 1211 1975 1279 occidere
2019 1209 2363 1288 maluisset,
2410 1209 2532 1275 nisi
2576 1209 2737 1275 ratis-

486 1331 669 1378 enem
727 1312 1185 1379 misericordiae
1242 1312 1596 1377 seueritatis
1651 1312 1816 1377 ratio
1872 1312 2143 1379 uicisset.
2222 1332 2378 1378 unus
2424 1313 2590 1378 enim
2632 1312 2735 1378 in-

418 1442 468 1483 ιο
487 1417 730 1483 cautior
771 1417 981 1500 periit,
1025 1435 1102 1481 ne
1145 1416 1335 1481 multi
1389 1434 1500 1500 per
1543 1415 1924 1481 incautelam
1967 1418 2181 1497 postea
2226 1414 2600 1498 deperirent.
2671 1417 2736 1480 et

486 1520 633 1603 quid
678 1521 753 1585 de
798 1519 1065 1603 singulis
1110 1519 1365 1584 dicam?
1420 1518 1713 1583 uniuersa
1755 1536 1914 1601 gens·
1950 1516 2392 1599 Hebraeorum,
2440 1536 2581 1583 cum
2622 1516 2841 1600 per56

485 1622 806 1687 heremum
851 1621 976 1686 iter
1019 1624 1255 1703 ageret,
1300 1620 1444 1701 quia
1475 1618 2052 1686 consuetudinarias
2085 1638 2297 1685 carnes
2329 1620 2731 1700 desiderauit,

484 1726 728 1808 partem
784 1743 931 1790 suae
986 1723 1191 1807 plebis
1249 1725 1484 1789 amisit.
1561 1727 1621 1788 et
1684 1724 1935 1805 quidem
1999 1723 2409 1788 interdictum
2466 1723 2732 1789 necdum

482 1829 688 1893 fuerat
731 1848 809 1893 ne
855 1827 1252 1911 desideraret,
1320 1826 1431 1891 sed
1496 1825 1708 1910 legali,
1778 1827 1853 1892 ut
1893 1845 2048 1902 reor,
2115 1827 2545 1894 obseruantiae
2588 1842 2735 1909 pro-

415 1955 464 1995 15
481 1930 663 1998 ficere
706 1933 855 1997 deus
900 1930 1121 2006 uoluit,
1168 1933 1242 1996 ut
1284 1929 1588 1997 rebellem
1624 1931 2192 2015 concupiscentiam
2224 1932 2564 1998 coerceret:
2612 1948 2733 2013 quo

483 2034 737 2101 facilius
777 2033 1018 2100 scilicet
1062 2036 1324 2101 cunctus
1378 2035 1653 2118 populus*
1698 2039 2087 2120 agnosceret,
2144 2039 2447 2118 quantum
2495 2034 2733 2099 euitare

482 2138 731 2204 deberet
806 2156 961 2221 quae
1029 2139 1181 2203 deus
1236 2138 1489 2218 scriptis
1550 2137 1923 2204 caelestibus
1991 2138 2413 2213 interdiceret,
2483 2138 2731 2219 quando

483 2242 673 2306 etiam
717 2241 832 2306 illa
876 2261 1020 2307 eum
1051 2241 1324 2307 admissa
1354 2241 1702 2325 laederent,
1745 2260 1916 2325 quae·
1934 2245 2197 2309 necdum
2230 2241 2368 2324 lege
2397 2239 2727 2306 uetuisset.

481 2344 755 2410 laborem
797 2361 1037 2426 quoque
1067 2362 1134 2410 se
1164 2343 1470 2410 sustinere
1517 2347 1680 2409 idem
1725 2345 1991 2428 populus
2036 2344 2346 2427 ingemuit
2375 2345 2438 2408 et
2481 2347 2732 2427 propter
2747 2342 2834 2409 57

414 2446 598 2513 euhoe
640 2447 842 2531 plagis
887 2445 1260 2513 caelestibus
1291 2445 1761 2523 uerberabatur,
1809 2465 1932 2516 non
1962 2447 2111 2530 quia
2140 2447 2453 2514 laboranti
2479 2466 2728 2531 gemere

480 2567 599 2615 non
668 2551 875 2627 liceat,
943 2551 1052 2615 sed
1116 2549 1402 2633 ingratus
1465 2551 1709 2616 scilicet
1775 2549 1901 2615 fuit
1965 2551 2239 2635 gemitus
2305 2551 2493 2616 deum
2548 2550 2730 2634 quasi

480 2655 795 2719 auctorem
849 2654 1240 2719 immoderati
1297 2653 1524 2720 laboris
1580 2672 1896 2720 accusans.
1971 2673 2043 2719 ex
2088 2670 2205 2736 quo
2249 2653 2535 2738 intellegi
2579 2671 2729 2720 con-

481 2756 657 2822 uenit
723 2760 1024 2838 quantum
1088 2756 1330 2839 placere
1405 2756 1518 2822 deo
1587 2756 1812 2823 debeat
1877 2756 1983 2841 qui
2040 2775 2249 2822 rerum
2315 2755 2730 2823 iucundarum

483 2858 867 2925 beatitudine
913 2859 1162 2935 fruitur,
1208 2858 1452 2941 quando
1498 2859 1690 2925 etiam
1723 2860 1800 2925 de
1832 2859 1929 2924 his
1976 2859 2153 2941 queri
2183 2878 2307 2926 non
2349 2855 2523 2943 licet,
2572 2878 2729 2942 quae

411 2988 462 3029 es
480 2961 732 3047 ingrata
775 2962 1126 3028 uideantur.

563 3080 674 3146 XI.
736 3081 1067 3163 Quaeritur
1129 3082 1403 3147 forsitan·
1461 3099 1757 3163 quorsum
1800 3082 1923 3148 ista
1967 3083 2367 3165 pertineant?
2430 3100 2728 3164 quorsum
2747 3084 2832 3151 58

480 3185 710 3268 absque
755 3186 942 3251 dubio
975 3184 1099 3250 nisi
1141 3188 1216 3250 ut
1246 3184 1406 3250 nihil
1435 3186 1575 3249 leue
1607 3185 2018 3265 existimetur,
2064 3203 2183 3269 quo
2221 3186 2374 3251 deus
2405 3186 2726 3251 laeditur?

479 3288 554 3353 de
595 3288 764 3354 ludis
809 3287 980 3353 enim
1022 3288 1292 3372 publicis
1338 3288 1628 3367 dicimus,
1671 3288 1965 3354 ludibriis
1999 3288 2242 3355 scilicet
2282 3289 2415 3371 spei
2460 3290 2724 3373 nostrae,

680 3473 713 3528 5
750 3472 911 3527 Num.
951 3474 1034 3535 15,
1073 3472 1141 3527 32
1349 3474 1410 3528 11
1449 3472 1607 3527 Num.
1649 3474 1731 3539 11,
1766 3473 1801 3527 4
2009 3474 2074 3528 19
2108 3473 2270 3528 Exod.
2309 3474 2376 3528 10

577 3627 611 3681 2
654 3632 840 3682 tamen
885 3643 987 3683 om.
1030 3629 1087 3683 Β
1292 3628 1509 3684 tenebat
1553 3629 1616 3684 B·
1814 3630 1849 3684 6
1895 3629 2195 3699 colligisset
2238 3630 2295 3684 Β
2500 3630 2530 3683 7
2577 3628 2728 3685 iussu

477 3716 533 3767 et
567 3713 766 3769 indicio
802 3715 859 3769 Β
1065 3714 1099 3768 9
1145 3715 1391 3770 incautor-
1424 3730 1594 3784 ευμεν
1630 3730 1690 3769 or
1722 3730 1836 3770 scr..
1863 3732 1938 3771 m.
1970 3731 2080 3772 rec.
2114 3731 2179 3769 us
2213 3715 2269 3769 A
2475 3716 2543 3771 10
2586 3718 2727 3785 peri·

475 3802 595 3853 rent
628 3813 670 3853 s.
708 3814 773 3867 pe
804 3814 908 3855 scr.
941 3816 1011 3854 m.
1036 3804 1070 3853 1
1104 3799 1169 3853 de
1203 3802 1258 3853 A
1443 3801 1510 3855 15
1544 3800 1846 3855 coherceret
1878 3801 1976 3856 sed
2010 3801 2047 3855 h
2074 3807 2271 3871 punct.
2306 3803 2360 3858 A
2534 3803 2599 3858 16
2633 3802 2729 3872 agi

476 3889 715 3939 nosceret
744 3884 808 3939 A,
1005 3885 1076 3941 20
1118 3885 1430 3941 uerberatur
1473 3886 1585 3942 AB
1625 3886 1702 3952 (T
1707 3891 1731 3942 t
1741 3890 1824 3954 v):
1876 3886 2256 3943 uerberabatur
2291 3904 2413 3944 cum
2448 3888 2570 3944 edd.
2607 3904 2728 3944 om·-

475 3970 637 4026 m’bus
669 3971 933 4027 Halmius
1132 3970 1201 4026 22
1233 3971 1479 4041 intelligi
1510 3973 1608 4028 hoc
1644 3974 1759 4029 loco
1792 3973 1848 4027 A
2051 3974 2121 4029 23
2154 3975 2510 4032 iocundarum
2534 3975 2590 4029 A

474 4056 542 4111 26
575 4057 822 4111 forsitam
858 4057 914 4111 A
1118 4074 1426 4127 quon-*sum
1460 4058 1516 4112 A
1559 4059 1645 4115 bis
1689 4061 1864 4116 erasis
1897 4060 2114 4115 duabus
2158 4061 2261 4116 litt.
2301 4064 2638 4130 (quoi-ursum
2672 4060 2729 4116 Β

467 4146 945 4297 ἴξῗώοήὲἶσέοοο)
1153 4146 1219 4200 27
1268 4144 1425 4215 ςυοᾰ,
1456 4144 1582 4199 deus
1631 4147 1687 4200 B
1895 4148 1963 4203 28
2008 4148 2151 4202 enim
2197 4147 2401 4203 scilicet
2444 4148 2542 4205 sed
2584 4147 2727 4204 enim
