3380 4919
1045 331 1120 387 de
1153 331 1423 401 gubern.
1448 331 1566 385 -dei
1602 332 1679 388 VI
1716 334 1748 397 9
1781 331 2001 388 93-99,
2517 335 2642 401 153

405 519 573 591 'clare
631 518 965 585 donaeius
1005 517 1109 585 uel
1163 520 1552 603 agnoscimus
1593 523 1698 586 nel
1739 520 2134 600 honoramus,
2187 520 2298 604 qui
2335 524 2642 604 quantum

405 623 487 689 ab
528 639 600 687 eo
644 622 929 693 beneficii
991 623 1347 705 accipimus-
1394 624 1639 689 tantum
1690 624 1754 689 ·ei
1799 622 2167 693 iniuriarum
2189 630 2194 643 ⁴
2213 630 2639 707 reponemus.

404 728 517 791 aut
573 726 801 791 iniuria
863 728 963 793 dei
1020 726 1137 791 hoc
1194 727 1353 792 forte
1411 743 1533 790 non
1595 731 1694 791 est
1715 730 1847 792 =ant
1891 744 2020 792 esse
2062 727 2373 811 indignior
2417 729 2639 810 ponens

404 858 439 892 a
476 827 701 893 multis
738 846 812 894 ac
855 830 1100 913 magnis
1140 856 1178 894 a
1221 846 1375 912 opus
1418 830 1552 895 sit?
1623 829 1733 894 sed
1761 830 2331 912 ‘quia-‘inueteratae
2353 830 2425 896 in
2455 830 2638 911 nobis

334 932 715 996 :smalcz-um
744 934 1039 997 omnium
1083 931 1223 999 labe
1267 931 1451 997 aliter
1492 933 1621 997 iam
1648 950 1798 998 non--
1817 932 2228 998 uitiosi-esse?
2249 950 2378 999 non
2415 938 2637 1014 possu-

403 1030 589 1112 mus,'
624 1032 757 1098 nisi·
788 1035 864 1100 ut
894 1035 1154 1099 omnino
1190 1050 1333 1099 non
1389 1034 1607 1113 simus,
1668 1048 1832 1117 quae·
1885 1035 1952 1100 in
2007 1033 2208 1113 nobis,
2237 1051 2435 1118 rogo,
2497 1052 2637 1118 spes

404 1133 604 1200 bonae
642 1132 853 1217 frugis.
885 1136 1021 1201 est?
1079 1136 1186 1219 qui
1229 1135 1583 1219 ignorantia
1636 1139 1896 1218 peccant
1927 1157 2148 1205 errore
2185 1139 2407 1222 agnito
2445 1137 2637 1202 conri-
2657 1136 2735 1200 97

402 1243 663 1320 guntur:
708 1238 819 1322 qui
860 1237 1172 1322 religionis
1219 1242 1897 1324 expertes‹sunt„-cum
1938 1243 2342 1307 mutauerant
2384 1242 2635 1323 sectam,

403 1342 648 1406 mutare
701 1340 1009 1425 incipiunt
1068 1341 1492 1425 disciplinam.
1556 1345 1972 1425 postremum,
2003 1347 2090 1409 ut
2145 1342 2297 1423 dixi,
2358 1342 2504 1424 qui
2521 1341 2637 1407 aaut

335 1464 388 1508 ιο
403 1443 782 1509 abundantia
825 1443 1018 1510 nimia
1061 1448 1172 1509 aut
1210 1445 1547 1511 securitate
1600 1446 1940 1527 uitiantur,
1986 1445 2282 1510 desinant
2324 1461 2458 1519 esse
2499 1461 2637 1524 per·-

405 1543 543 1622 diti‚
588 1564 732 1610 cum
775 1547 1128 1613 destiterint
1182 1566 1312 1613 esse
1372 1549 1588 1614 securi.
1663 1566 1775 1613 nos
1818 1564 1932 1614 nec
1974 1549 2334 1632 ignorantia
2369 1548 2639 1615 labimur

406 1666 520 1713 nec
574 1648 891 1732 religionis
951 1650 1227 1733 expertes
1287 1668 1500 1715 sumus
1552 1669 1666 1716 nec
1709 1651 2114 1734 prosperitate
2172 1668 2378 1714 rerum
2421 1668 2494 1715 ac
2536 1666 2636 1715 se-

406 1751 667 1815 curitate
711 1754 1199 1834 corrumpimur:
1262 1754 1467 1819 omnia
1524 1755 1831 1836 siquidem
1877 1773 1911 1818 e
1956 1752 2198 1819 diuerso
2245 1757 2411 1819 sunt.
2486 1753 2640 1818 reli·
2658 1759 2739 1826 98

406 1853 663 1937 gionem
696 1855 984 1925 nouimus
1028 1842 1379 1940 ignorantia
1423 1854 1559 1921 ιιοιι·
1588 1866 1977 1967 excusamur,
2022 1852 2237 1939 pacem
2290 1856 2353 1920 et
2383 1855 2636 1945 diuitias

339 1980 389 2022 ιι
405 1954 680 2040 priorum
732 1962 1084 2040 temporum
1130 1978 1253 2025 non
1284 1958 1630 2051 habemus,
1701 1959 1925 2039 o'mnia,
1982 1976 2137 2041 quae
2192 1958 2460 2036 fuerunt,
2530 1934 2639 2024 aut

408 2059 620 2129 ablata
660 2062 772 2126 aut
813 2060 1151 2128 immutata
1193 2066 1372 2144 sunt:
1418 2062 1550 2127 sola
1592 2048 1842 2129 tantum
1872 2060 2031 2128 uitia
2074 2061 2418 2127 creuerunt.
2477 2059 2640 2143 nihil

408 2162 583 2228 nobis
629 2163 704 2228 de
747 2181 900 2246 pace
944 2169 1007 2229 et
1050 2165 1458 2246 prosperitate
1512 2162 1784 2247 pristina
1839 2163 2148 2246 reliquum
2203 2164 2299 2231 est
2339 2162 2464 2229 nisi
2507 2163 2640 2229 sola

407 2265 656 2333 omnino
724 2266 1004 2342 crimina,
1074 2286 1226 2350 quae
1280 2267 1749 2348 prosperitatem
1809 2284 1929 2331 non
1973 2283 2107 2329 esse
2152 2264 2451 2330 fecerunt.
2529 2264 2637 2329 ubi

410 2387 671 2450 namque
725 2373 870 2434 sunt
928 2370 1222 2451 antiquae
1268 2369 1689 2434 Romanorum
1748 2385 1892 2450 opes
1945 2384 2017 2433 ac
2062 2367 2438 2449 dignitates?
2511 2366 2639 2432 for·

340 2472 634 2538 notissimi
678 2473 987 2556 quondam
1015 2472 1278 2539 Romani
1323 2474 1503 2538 erant
1545 2490 1712 2537 nunc
1753 2472 1884 2536 sine
1936 2469 2213 2536 uiribus:
2259 2470 2640 2537 timebantur

406 2574 662 2640 Romani
705 2576 968 2656 uetereS‚
1015 2592 1124 2640 nos
1168 2576 1499 2640 timemus:
1548 2573 1882 2658 uectigalia
1910 2572 2041 2637 illis
2069 2572 2391 2639 soluebant
2425 2573 2637 2657 populi

408 2679 826 2756 barbarorum,
893 2697 1004 2744 nos
1068 2677 1409 2760 uectigales
1475 2675 1762 2743 barbaris
1820 2694 2051 2741 sumus.
2129 2674 2407 2741 uendunt
2463 2676 2637 2742 nobis

406 2781 609 2846 hostes
654 2781 810 2846 lucis
854 2799 1124 2859 usuram,
1169 2784 1307 2845 tota
1348 2780 1684 2846 admodum
1728 2778 1899 2845 salus
1943 2777 2153 2843 nostra
2197 2778 2638 2845 commercium

409 2885 519 2950 est.
596 2902 630 2948 o
674 2882 1074 2948 infelicitates
1118 2884 1392 2948 nostras!
1460 2886 1536 2948 ad
1591 2882 1743 2965 quid
1799 2879 2197 2946 deuenimus!
2264 2882 2328 2945 et
2368 2898 2480 2964 pro
2524 2882 2637 2948 hoc
2656 2886 2738 2953 99

342 3003 392 3045 ιι
408 2988 642 3067 gratias
686 2986 960 3052 barbaris
998 2986 1259 3069 agimus,
1305 3004 1343 3051 a
1372 2985 1594 3068 quibus
1624 3003 1735 3050 nos
1765 2984 1928 3067 ipsos
1957 2982 2155 3064 pretio
2188 3000 2636 3067 comparamus.

410 3090 559 3171 quid
612 3089 817 3172 potest
871 3106 1004 3154 esse
1062 3088 1239 3153 nobis
1289 3087 1392 3152 uel
1434 3087 1732 3153 abiectius
1778 3087 1882 3151 uel
1927 3084 2259 3151 miserius?
2325 3091 2387 3152 et
2430 3088 2637 3153 uiuere

506 3311 540 3364 2
573 3309 890 3364 iniuriarum
922 3310 987 3364 in
1017 3326 1052 3365 v
1086 3310 1203 3379 (qui
1235 3308 1397 3364 habet
1431 3306 1703 3373 iniuriam)
1736 3320 1902 3376 marq.
1942 3306 2339 3361 Brassicanus:
2381 3307 2635 3362 iniuriam

404 3395 457 3448 A
508 3394 733 3448 iniurias
767 3393 824 3449 Β
1022 3395 1057 3448 3
1095 3399 1220 3463 post
1253 3394 1431 3462 potest
1463 3390 1725 3446 Halmius
1758 3395 1901 3445 rcctc
1933 3392 2127 3445 statuit
2161 3391 2417 3445 lacunam
2452 3395 2636 3460 (quam

403 3480 772 3535 Brassicanus
803 3480 998 3535 leuiter
1033 3481 1216 3548 explet
1250 3480 1313 3534 in
1345 3494 1380 3533 v
1412 3492 1584 3546 mar-9.
1619 3474 1751 3530 aad.
1788 3478 1930 3541 aut);
1965 3491 2066 3530 nos
2087 3477 2150 3530 in
2173 3476 2466 3530 Sita-Ber.
2482 3492 2543 3545 p.
2567 3482 2636 3534 10

396 3566 809 3635 proposuimus.-
849 3564 1030 3638 (cum)
1065 3566 1256 3619 multis
1291 3568 1348 3619 et
1380 3565 1590 3632 magnis
1625 3562 1771 3633 (giis
1804 3562 1842 3615 i.
1878 3578 1921 3616 e.
1957 3560 2180 3631 gratiis)
2215 3577 2346 3631 opus
2381 3562 2457 3615 sit
2473 3562 2501 3617 ’ἒ

403 3651 439 3705 4
481 3652 573 3706 sed
619 3653 927 3706 animarum.
985 3652 1110 3722 quia
1155 3652 1451 3706 inueterata
1494 3651 1547 3704 A
1600 3650 1693 3704 sed
1737 3649 2036 3704 inueterata
2080 3648 2205 3716 quia
2238 3648 2534 3702 animarum
2582 3649 2636 3703 Β

403 3736 613 3804 (locum
645 3742 962 3805 corruptam
995 3752 1105 3791 esse
1139 3736 1486 3803 manifestvm
1520 3735 1612 3790 est‘
1647 3734 1941 3800 Halmius,-
1992 3748 2094 3789 nos
2138 3732 2432 3788 animarum
2465 3734 2636 3790 inter-

397 3822 639 3889 potaturi
672 3822 962 3876 tribuimus
987 3821 1024 3875 Ζ.
1050 3821 1085 3875 l.
1102 3837 1161 3890 p.
1186 3824 1280 3886 123
1316 3826 1376 3876 at
1396 3820 1528 3887 fort.
1551 3821 1709 3876 scrib.
1746 3820 2000 3874 nimirum
2203 3820 2238 3874 ὅ
2271 3817 2391 3873 labe
2424 3835 2491 3874 σω
2525 3820 2636 3874 labi

403 3907 458 3958 A
492 3921 630 3962 corr.
663 3923 730 3962 m.
756 3909 812 3973 2,
853 3907 982 3961 item
1013 3906 1201 3961 statim
1235 3905 1407 3975 frugis
1441 3922 1509 3961 ex
1545 3921 1667 3976 -gcs
1873 3905 1904 3958 7
1949 3905 2120 3961 uerba
2164 3921 2337 3961 errore
2380 3906 2638 3974 agnito—

406 3996 638 4062 cxpertes
682 3993 813 4047 sunt
855 3993 917 4047 in
952 3992 1007 4046 A
1040 3997 1168 4060 post
1201 4007 1230 4045 e
1271 3992 1480 4046 diuerso
1534 3994 1604 4060 (υ.
1651 3992 1735 4061 13)
1782 3992 2041 4062 leguntur
2238 3994 2274 4047 8
2318 4008 2436 4047 cum
2483 3992 2637 4062 mut.]

405 4079 870 4133 commutauerunt
902 4078 1014 4132 AB
1185 4076 1218 4130 9
1253 4080 1519 4146 postremo
1552 4078 1609 4133 Β
1779 4077 1844 4132 21
1871 4078 2218 4133 soluebantur
2239 4077 2296 4131 A
2464 4077 2532 4133 22
2565 4077 2639 4132 si-

404 4178 522 4216 mus
557 4163 612 4217 Β
821 4162 889 4218 23
922 4164 1135 4217 nostrae
1167 4163 1221 4217 Β
1430 4163 1502 4219 26
1534 4164 1798 4219 abiectius
1834 4165 1919 4218 uel
1955 4164 2201 4218 miserius
2234 4164 2289 4217 A
2322 4179 2463 4220 corr.
2498 4179 2569 4220 m.
2603 4166 2640 4219 2

406 4263 473 4302 cx
506 4248 702 4302 abiecti
738 4249 801 4302 ds
836 4249 921 4303 uel
953 4249 1132 4303 miseri
1166 4248 1227 4303 ds
1266 4249 1386 4318 (sic)
