3380 4919
1070 319 1143 373 de
1180 318 1452 389 gubern.
1485 318 1588 372 dei
1624 318 1764 372 VIII
1801 323 1831 383 ἓ
1875 319 2092 374 12-19.
2581 319 2702 384 197

453 508 569 573 filii
629 508 830 590 pietas
889 510 1150 591 paterna
1207 511 1551 590 torquetur,
1614 507 1710 573 ita
1754 511 1819 572 et
1870 525 2015 572 cum
2075 526 2291 573 seruus
2336 507 2434 573 dei
2478 527 2516 574 a
2558 526 2707 591 quo-

455 630 644 694 quam
689 611 981 689 laeditur,
1035 612 1329 677 maiestas
1371 611 1586 675 diuina
1629 610 1926 692 uiolatur,
1982 610 2227 676 dicente
2271 610 2336 676 id
2381 611 2587 694 ipsum
2633 612 2712 675 ad

452 714 763 796 apostolos
807 731 949 780 suos
996 713 1276 778 domino:
1336 716 1467 797 qui
1524 732 1660 779 uos
1717 713 2039 797 recipit,
2099 732 2213 778 me
2255 712 2590 797 recipit,
2636 715 2713 778 et

453 818 586 901 qui
630 837 765 884 uos
825 821 1162 900 spernit,
1232 837 1343 883 me
1399 819 1731 901 spernit.
1809 817 2292 902 benignissimus
2351 818 2594 882 scilicet
2636 816 2813 882 acl6

403 920 774 1003 spiissimus
805 921 1093 988 dominus
1139 939 1536 987 communem
1566 921 1689 987 sibi
1722 940 1867 987 cum
1912 923 2112 987 seruis
2159 922 2290 986 suis
2321 925 2385 986 et
2411 920 2709 986 honorem

451 1024 643 1090 simul
689 1027 752 1089 et
795 1025 1241 1091 contumeliam
1286 1024 1461 1103 facit,
1507 1044 1585 1089 ne
1618 1025 1776 1107 quis,
1823 1044 1961 1091 cum
1998 1026 2274 1091 laederet
2305 1025 2403 1090 dei
2434 1042 2707 1101 seruum,

449 1128 770 1192 hominem
828 1131 1078 1193 tantum
1122 1148 1160 1195 a
1203 1148 1268 1194 se
1313 1129 1478 1194 laedi
1535 1130 1964 1210 arbitraretur,
2029 1147 2172 1194 cum
2231 1131 2463 1212 absque
2517 1127 2710 1193 dubio

448 1232 694 1296 iniuriis
725 1250 1047 1296 seruorum
1071 1233 1522 1298 dominicorum
1545 1232 1646 1297 dei
1669 1235 2122 1299 admisceretur
2152 1232 2403 1309 iniuria,
2433 1235 2708 1297 testante
2821 1250 2828 1261 ’

449 1335 516 1398 id
560 1335 692 1400 suis
747 1336 858 1400 deo
919 1336 1150 1401 affectu
1206 1335 1755 1420 indulgentissimo
1814 1337 1881 1402 in
1942 1337 2109 1402 hunc
2165 1337 2458 1402 modum:
2528 1353 2709 1416 quo-

379 1440 664 1503 1oniam
727 1442 859 1521 qui
916 1459 1047 1505 uos
1106 1441 1413 1524 tangit,
1482 1440 1716 1522 quasi
1785 1440 1915 1522 qui
1977 1439 2248 1523 tangit
2314 1438 2708 1521 pupillam

449 1544 667 1607 oculi
730 1562 846 1607 me
867 1544 907 1607 i.
982 1544 1060 1608 ad
1127 1542 1594 1624 exprimendam
1668 1543 2157 1608 teneritudinem
2231 1541 2487 1624 pietatis
2560 1558 2707 1605 suae
2732 1537 2812 1604 17

449 1646 848 1713 tenerrimam
895 1650 1139 1730 partem
1184 1646 1440 1710 humani
1479 1648 1748 1729 corporis
1792 1646 2161 1723 nominauit,
2209 1649 2282 1711 ut
2313 1643 2716 1729 apertissime·

448 1752 955 1835 intellegeremus
999 1751 1189 1815 deum
1231 1751 1368 1816 tam
1413 1767 1611 1831 parua
1654 1752 2011 1815 sanctorum
2042 1767 2298 1814 suorum
2330 1748 2710 1814 contumelia

449 1855 632 1933 laedi,
691 1872 879 1936 quam
935 1855 1112 1936 parui
1156 1854 1433 1919 uerberis
1476 1856 1655 1919 tactu
1698 1855 1961 1919 humani
2007 1854 2179 1919 uisus
2224 1854 2389 1918 acies
2432 1853 2710 1917 laedere-

377 1974 430 2014 15
446 1961 570 2023 tur.
638 1957 1114 2023 insectabantur
1157 1959 1367 2040 itaque
1407 1957 1546 2023 Afri
1592 1962 1780 2040 atque
1825 1959 2089 2023 oderant
2133 1973 2343 2023 seruos
2387 1955 2488 2021 dei
2531 1956 2597 2021 et
2639 1954 2710 2019 in

446 2063 542 2126 his
590 2062 794 2127 deum.

528 2182 682 2248 IIII.
744 2180 863 2248 Sed
910 2181 1230 2264 quaeritur
1273 2182 1544 2247 forsitan
1590 2183 1817 2264 quibus
1863 2183 2067 2247 modis
2113 2182 2411 2264 probetur
2454 2180 2666 2245 odium
2687 2203 2703 2245 ε
2732 2177 2813 2244 18

445 2286 573 2350 illis
642 2285 897 2363 scilicet,
965 2286 1189 2368 quibus
1250 2287 1440 2351 etiam
1499 2285 1875 2351 Iudaeorum
1931 2286 2076 2349 odia
2135 2286 2595 2366 conprobantur
2638 2289 2706 2348 in

446 2388 788 2466 Christum,
848 2406 988 2452 cum
1035 2386 1324 2452 dicebant
1369 2389 1449 2453 ad
1495 2407 1666 2453 eum:
1735 2387 2083 2453 Samarit
2102 2405 2291 2452 anus
2349 2405 2382 2450 e
2400 2404 2430 2450 s
2488 2389 2573 2451 tu
2628 2388 2709 2450 et

376 2509 427 2548 20
447 2493 487 2556 d
500 2513 537 2566 a
550 2512 658 2557 em
672 2512 706 2557 o
720 2494 853 2559 niu
868 2512 930 2556 m
1004 2490 1046 2554 h
1059 2510 1096 2556 a
1109 2494 1147 2557 b
1163 2511 1195 2556 e
1214 2511 1243 2557 s
1257 2541 1272 2571 ,
1351 2511 1497 2558 cum
1567 2491 1934 2557 inridebant
1974 2521 1992 2529 κ
2011 2509 2153 2556 cum
2226 2491 2702 2569 maledicebant,

446 2616 586 2661 cum
630 2595 1047 2662 insufflabant
1092 2596 1161 2660 in
1203 2596 1426 2661 faciem
1474 2595 1607 2661 eius
1653 2600 1718 2660 et
1761 2595 2136 2661 frendebant
2180 2595 2472 2660 dentibus
2518 2612 2704 2677 super

446 2705 634 2783 caput
688 2704 838 2766 eius.
914 2701 1075 2766 unde
1135 2703 1328 2766 etiam
1383 2704 1450 2766 in
1505 2701 1769 2783 psalmis
1829 2700 1983 2766 dicit
2040 2699 2318 2765 saluator
2377 2699 2531 2781 ipse,
2597 2700 2705 2780 qui

444 2804 744 2885 pertulit:
821 2822 1077 2868 omnes
1153 2804 1283 2885 qui
1357 2802 1983 2888 conspiciebant,
2058 2802 2654 2886 aspernabantu
2673 2822 2705 2866 r

444 2926 587 2985 me,
636 2911 708 2971 et
752 2907 1001 2972 locuti
1045 2911 1227 2972 sunt
1272 2907 1515 2972 labiis
1560 2910 1636 2971 et
1670 2906 2087 2971 mouerunt
2118 2909 2372 2988 caput.
2420 2907 2486 2970 et
2516 2904 2700 2971 alibi:

376 3011 1084 3092 &temptauerunn
1159 3012 1392 3095 inquit,
1470 3030 1581 3074 me
1602 3059 1618 3088 ,
1696 3012 1773 3075 et
1846 3010 2324 3075 deriserunt
2398 3010 2437 3073 d
2457 3009 2703 3086 erisu,

444 3111 964 3179 frenduerunt
1009 3113 1087 3179 in
1130 3133 1244 3179 me
1289 3113 1659 3179 dentibus
1704 3113 1892 3177 suis.
1969 3114 2064 3178 ita
2108 3113 2305 3198 igitur
2348 3116 2410 3177 et
2456 3113 2519 3176 in
2568 3131 2700 3175 mo·
2728 3106 2810 3173 19

442 3216 677 3296 nachis,
739 3217 802 3283 id
848 3222 944 3282 est
990 3217 1224 3283 sanctis
1271 3217 1389 3297 dei,
1438 3216 1738 3282 Afrorum
1782 3216 2082 3301 probatur
2129 3217 2360 3294 odium,
2408 3215 2556 3298 quia
2599 3216 2705 3279 in-

646 3402 680 3455 3
723 3401 924 3455 Matth.
962 3402 1045 3467 10,
1079 3402 1151 3456 40
1227 3402 1357 3456 Luc.
1394 3401 1478 3466 10,
1515 3401 1581 3455 16
1788 3402 1822 3455 9
1869 3401 2024 3456 Zach.
2061 3401 2112 3466 2,
2147 3402 2183 3455 8
2391 3401 2456 3455 19
2499 3400 2620 3454 Ioh.
2655 3402 2707 3465 8,

439 3486 511 3541 48
698 3488 766 3542 23
801 3487 946 3542 Psal.
983 3489 1066 3554 21,
1100 3489 1136 3543 8
1317 3487 1386 3541 25
1419 3487 1650 3542 Hierem.
1688 3487 1775 3555 20,
1813 3488 1844 3541 7
1918 3487 2115 3542 Psalm.
2153 3488 2238 3553 34,
2278 3488 2342 3541 16

542 3656 575 3709 2
611 3655 677 3709 ad
714 3656 892 3725 ipsum
927 3656 983 3709 B
1188 3659 1221 3711 6
1258 3657 1390 3711 facit
1426 3657 1583 3723 libri3
1624 3657 1755 3711 fecit
1789 3657 1922 3722 fort.
1952 3663 2188 3726 propter
2222 3673 2328 3726 seq.
2366 3673 2433 3710 ne
2468 3658 2590 3725 quis
2613 3696 2627 3708 .
2649 3697 2660 3707 .
2683 3695 2696 3707 .

441 3742 795 3797 arbitraretur
831 3747 968 3810 (non
1003 3742 1335 3810 arbitretur),
1370 3750 1486 3797 tum
1514 3749 1748 3812 propter
1782 3746 1955 3799 locum
1989 3744 2323 3799 simillimum
2355 3745 2543 3799 statim
2576 3745 2706 3799 sub-

438 3834 772 3897 sequentem:
808 3829 1155 3883 tenerrimam
1190 3833 1393 3898 partem
1419 3831 1471 3882 h.
1497 3846 1541 3884 c.
1568 3831 1876 3884 nominauit
1908 3834 2041 3899 (non
2064 3830 2347 3896 nominat),
2384 3831 2452 3884 ut
2488 3830 2706 3885 intelle-

440 3928 698 3981 geremus,
736 3919 801 3968 αι
835 3919 1065 3982 utroque
1100 3916 1213 3969 loeo
1247 3915 1323 3969 ad
1357 3917 1665 3984 scriptwrae
1705 3932 1894 3970 sacrae
1927 3916 2099 3970 uerba
2130 3917 2426 3985 respiciens
2450 3919 2705 3985 perfecto

438 4014 573 4053 usus
593 4002 667 4054 sit
860 4001 924 4054 13
961 4001 1408 4071 intellegeremus]
1445 4003 1720 4071 allegerat*
1754 4003 1811 4056 A
1833 4003 1896 4056 in
1918 4008 2155 4056 extremo
2179 4020 2347 4057 uersu
2540 4003 2701 4057 deum

438 4084 494 4139 B
529 4085 690 4139 habet
724 4091 852 4139 ante
887 4086 1030 4140 laedi
1204 4088 1272 4142 18
1305 4087 1417 4141 illis
1440 4089 1647 4143 scilicet
1680 4089 1970 4143 Halmius:
2016 4089 2101 4142 illi
2127 4090 2335 4144 scilicet
2369 4089 2424 4143 Β
2460 4089 2703 4157 (illorum

440 4188 508 4224 -s-
550 4173 631 4227 sic
665 4188 698 4226 v
734 4176 795 4228 in
828 4176 965 4239 ras.)
1171 4174 1636 4243 conprobabantur
1680 4177 2001 4244 &spicatar-
2035 4177 2331 4231 Har-telius
2538 4177 2604 4230 19
2639 4179 2702 4228 tu

436 4273 536 4311 om.
575 4258 737 4325 B(T)
925 4259 995 4313 22
1029 4263 1190 4329 caput
1214 4261 1402 4330 etipse
1437 4278 1538 4316 om.
1575 4261 1630 4315 Β
1663 4278 1733 4317 m.
1759 4267 1792 4316 1
1982 4263 2051 4317 26
2089 4263 2146 4316 in
2174 4263 2279 4333 me]
2316 4264 2477 4316 imme
2511 4264 2567 4316 B
