3380 4919
665 324 793 389 240
1635 320 1947 375 Saluiani

668 512 1039 594 praeteritae
1082 512 1424 593 uoluptatis
1461 513 1887 593 praesentium
1919 512 2329 594 asperitatum
2363 513 2517 576 dura
2546 515 2923 596 conpensant

668 618 733 681 et
797 619 1047 680 reatum
1113 616 1444 697 longarum
1512 615 1878 680 deliciarum
1947 615 2149 680 officio
2215 616 2661 699 patrocinantis
2717 618 2924 683 soluat

665 719 949 784 iniuriae.
1026 719 1131 783 sed
1189 718 1431 800 quando
1489 718 1647 783 haec
1703 722 1840 783 tam
1905 719 2172 802 grandia
2238 719 2450 802 faciet,
2518 720 2728 785 uicino
2791 721 2924 787 iam

562 826 833 895 50exitu
880 824 1073 887 etiam
1117 842 1155 887 a
1198 822 1603 887 mediocrium
1647 821 1890 887 actione
1935 821 2290 887 disclusus?
2335 823 2619 889 crucibus
2651 825 2923 909 denique

665 927 1052 993 diuersamm
1095 944 1539 990 aerumnarum
1583 944 1757 990 reum
1802 924 1868 988 in
1914 943 2026 990 suo
2071 943 2321 1007 corpore
2379 926 2694 992 hominem
2739 929 2924 994 iudex
2966 952 2992 991 5

663 1030 810 1095 fidei
855 1030 1158 1093 seueritas
1206 1029 1588 1112 subiugabit,
1636 1032 1708 1092 ut
1751 1028 2210 1112 indulgentiam
2246 1029 2487 1095 scilicet
2516 1031 2923 1097 absolutionis

665 1137 950 1199 aeternae
992 1132 1340 1214 praesentis
1385 1151 1615 1214 poenae
1661 1132 2004 1197 ambitione
2051 1137 2383 1198 mereatur.
2444 1137 2552 1199 sed
2598 1134 2923 1201 fatiscente

665 1239 791 1303 iam
838 1254 1090 1317 corpore
1135 1235 1243 1301 ubi
1289 1237 1596 1301 exercebit
1631 1236 2041 1301 districtionis
2072 1236 2353 1301 officium
2383 1256 2593 1303 censor
2628 1239 2924 1306 animus?

666 1341 761 1405 uti
821 1341 987 1404 enim
1046 1340 1403 1405 seueritatis
1461 1339 1724 1404 arbitrio
1778 1339 1964 1405 iudex
2023 1358 2143 1405 non
2203 1342 2428 1423 potest,
2492 1343 2732 1425 quando
2778 1363 2924 1409 reus

561 1452 639 1518 51
663 1447 794 1510 iam
839 1462 961 1508 non
1005 1444 1273 1509 sustinet
1316 1443 1600 1508 iudicari.
1666 1462 1866 1509 unum
1902 1462 2045 1526 ergo
2077 1448 2190 1520 est,
2243 1446 2402 1526 quod
2446 1446 2689 1510 amissis
2722 1448 2993 1512 omni-10

666 1548 781 1613 bus
828 1548 1207 1614 adiumentis
1263 1553 1450 1630 atque
1508 1547 1806 1612 subsidiis
1869 1548 2118 1640 nutanti
2164 1568 2237 1613 ac
2283 1549 2583 1615 destituto
2628 1552 2922 1631 opitulari

664 1652 868 1735 queat,
916 1652 989 1716 ut
1034 1651 1352 1735 confugiat
1395 1651 1640 1715 scilicet
1673 1651 1752 1715 ad
1783 1651 1941 1716 illud
1986 1651 2334 1717 beatissimi
2365 1652 2642 1719 Danielis
2672 1672 2922 1721 sacrum

667 1775 738 1821 ac
794 1756 1042 1820 salubre
1100 1756 1457 1820 consilium:
1525 1755 1632 1836 qui
1676 1755 2023 1837 Babylonio
2081 1758 2214 1839 regi
2270 1756 2505 1823 mederi
2558 1758 2776 1822 uolens
2820 1758 2921 1821 ul-

556 1848 561 1852 *
665 1858 906 1924 ceribus
949 1858 1026 1922 de
1071 1858 1400 1923 offensione
1464 1859 1801 1924 contractis
1856 1859 2172 1941 malagma
2219 1860 2294 1924 de
2337 1859 2734 1926 miseratione
2780 1878 2920 1924 con-

664 1964 871 2045 posuit
937 1962 1178 2027 dicens:
1252 1964 1570 2046 propter
1644 1965 1874 2044 quod,
1949 1981 2109 2040 rex,
2187 1965 2614 2030 consilium
2677 1983 2991 2031 meumus

664 2069 985 2150 placeat
1030 2065 1220 2144 tibi,
1267 2070 1341 2131 et
1384 2069 1717 2149 peccata
1746 2067 1984 2131 tuain
2017 2067 2595 2133 misericordiis
2627 2068 2922 2133 redime

664 2179 737 2239 et
783 2170 1249 2237 iniustitias
1292 2173 1466 2235 tuas
1511 2171 1593 2234 in
1640 2172 2196 2235 miserationes
2252 2189 2710 2255 pauperum:
2770 2171 2919 2234 for-

663 2275 1096 2342 tasseerit
1162 2275 1484 2356 patiens
1549 2274 1915 2340 dominus
1973 2274 2298 2339 delictis
2355 2278 2541 2340 tuis.
2619 2276 2713 2339 ita
2775 2292 2919 2357 ergo

562 2383 645 2447 52
666 2385 729 2448 et
772 2383 892 2445 iste
950 2380 1160 2463 faciat,
1231 2382 1301 2442 ut
1358 2378 1469 2442 ille
1529 2377 1708 2442 dixit.
1784 2379 2005 2443 utatur
2051 2377 2502 2443 medicamento
2548 2378 2659 2444 alii
2703 2377 2916 2443 oblato

664 2488 741 2551 ad
789 2504 899 2551 sua
943 2485 1224 2565 uulnera,
1273 2485 1560 2547 uereatur
1590 2471 2020 2548 contumaciae
2051 2482 2505 2548 inoboedientis
2537 2484 2913 2566 exemplum,
2939 2506 2992 2546 ιο

664 2590 894 2672 cogitet
939 2589 1088 2670 quid
1132 2590 1264 2669 ipse
1307 2588 1391 2652 sit
1434 2605 1732 2669 passurus
1778 2587 1838 2650 in
1888 2590 2105 2668 morte,
2169 2605 2309 2651 cum
2356 2588 2576 2651 uideat
2620 2586 2768 2669 quid
2812 2603 2917 2649 rex

665 2694 961 2775 Assyrius
1030 2692 1364 2773 pertulerit
1432 2692 1500 2756 in
1573 2692 1726 2755 uita.
1833 2690 2089 2755 euidens
2166 2692 2263 2755 est
2337 2691 2413 2754 de
2485 2690 2774 2773 superbia
2846 2706 2921 2752 ac

663 2796 997 2862 rebellione
1054 2797 1520 2861 documentum.
1595 2793 1947 2859 consideret
2002 2812 2081 2858 an
2138 2793 2293 2876 ipse,
2350 2797 2404 2859 si
2462 2813 2585 2861 non
2629 2793 2918 2868 audierit,

664 2902 947 2965 mortuus
1016 2917 1310 2965 euasurus
1375 2898 1480 2973 sit,
1549 2916 1694 2962 cum
1762 2898 1974 2964 uideat
2041 2899 2206 2979 quod
2269 2916 2375 2962 rex
2432 2898 2561 2976 ille,
2629 2898 2736 2977 qui
2797 2914 2922 2960 non

662 3003 923 3085 audiuit,
979 3021 1046 3067 se
1101 3005 1307 3084 ipsum
1369 3004 1550 3066 uiuus
1614 2999 1849 3065 amisit.
1925 3000 2145 3065 offerat
2190 3020 2334 3086 ergo
2381 3003 2482 3066 uel
2525 3000 2812 3066 moriens.
2843 3003 2920 3065 ad
2939 3022 2992 3064 π

664 3107 1048 3172 liberandam
1107 3104 1182 3170 de
1240 3103 1615 3186 perennibus
1674 3103 1887 3185 poenis
1948 3104 2223 3169 animam
2285 3123 2483 3186 suam,
2544 3103 2691 3186 quia
2748 3103 2923 3168 aliud

665 3212 792 3275 iam
835 3227 956 3274 non
1001 3209 1231 3292 potest,
1289 3206 1503 3272 saltim
1548 3206 1974 3273 substantiam
2031 3225 2228 3285 suam,
2286 3207 2393 3272 sed
2438 3207 2658 3273 offerat
2707 3209 2922 3271 tamen

667 3332 809 3379 cum
856 3312 1304 3393 conpunctione
1350 3328 1489 3375 cum
1537 3311 1839 3387 lacrimiS‚
1885 3310 2107 3376 offerat
2138 3329 2280 3375 cum
2311 3310 2520 3377 dolore
2551 3328 2694 3374 cum
2724 3310 2919 3374 luctu.

566 3417 648 3480 53
666 3416 849 3482 aliter
895 3416 1123 3499 quippe
1168 3416 1376 3480 oblata
1418 3434 1540 3480 non
1592 3416 1876 3496 prosunt,
1936 3415 2081 3496 quia
2124 3432 2247 3478 non
2293 3414 2494 3495 pretio
2539 3412 2648 3478 sed
2692 3412 2923 3480 affectu

873 3629 940 3682 15
987 3628 1123 3681 Dan.
1162 3628 1214 3692 4,
1249 3628 1319 3681 24

771 3825 804 3877 2
858 3824 1161 3879 diliciarum
1214 3824 1327 3878 AB
1530 3826 1565 3879 3
1612 3824 1849 3879 incuriae
1895 3823 1978 3877 ed.
2030 3824 2302 3879 Baluzius
2507 3823 2542 3876 5
2594 3822 2754 3877 index
2795 3821 2922 3876 fidei

668 3912 1072 3967 Rittershusius
1270 3911 1299 3963 7
1337 3915 1642 3967 mereantur
1675 3912 1733 3965 B
1928 3912 1963 3964 8
1997 3911 2353 3967 districtionis
2378 3910 2490 3966 AB
2502 3931 2516 3964 ε
2555 3909 2923 3965 destrictionis

668 3998 953 4061 Halmius3
1007 4003 1064 4051 at
1108 3999 1178 4064 cf.
1228 3997 1295 4051 de
1339 3999 1461 4067 ymb.
1506 3998 1595 4052 Vl
1622 4002 1657 4051 3
1693 3997 1880 4051 adnot.
1918 3998 2037 4051 crit.
2245 3999 2307 4052 11
2364 3997 2618 4051 distituto
2671 3996 2784 4052 AB

668 4084 737 4138 20
789 4082 1150 4152 inobydientis
1203 4085 1257 4138 A
1313 4084 1672 4153 inobedientis
1725 4084 1783 4137 B
1857 4105 1860 4110 ⁴
1998 4083 2066 4136 22
2120 4083 2330 4152 asyrius
2386 4083 2441 4137 B
2654 4082 2723 4137 23
2775 4082 2923 4137 doci-

669 4170 909 4224 mentum
955 4170 1009 4223 13
1050 4176 1100 4224 et
1127 4176 1322 4238 punct.
1360 4171 1379 4222 i
1417 4176 1470 4224 et
1502 4184 1544 4224 s.
1582 4186 1685 4224 scr.
1723 4186 1792 4224 m.
1829 4172 1870 4223 2
1905 4187 1940 4223 u
1988 4169 2044 4223 A
2250 4169 2318 4223 27
2371 4171 2562 4224 saltem
2613 4186 2684 4224 ex
2737 4168 2922 4223 saltim

669 4272 809 4310 corr.
847 4272 918 4312 m.
956 4258 996 4309 2
1030 4257 1084 4309 A
1290 4256 1357 4309 29
1393 4256 1595 4324 praetio
1629 4255 1685 4307 A
