3380 4919
597 259 725 323 270
1569 252 1887 307 Saluiani

599 447 875 529 sparsi.
976 444 1335 529 oportuit
1424 460 1603 525 ergo
1677 444 1752 506 te
1839 439 2259 523 pecuniam
2346 458 2590 505 meam
2674 440 2856 504 dare

598 548 1193 629 nummulariis,
1286 547 1365 610 et
1439 565 1579 629 ego
1666 543 1994 608 ueniens
2069 562 2233 608 cum
2307 542 2571 607 usuris
2647 561 2859 607 rece-

597 652 881 735 pissem
942 651 1137 732 quod
1194 669 1440 714 meum
1486 651 1626 713 est.
1703 647 1984 712 tollite
2030 648 2298 728 itaque
2345 646 2433 710 ab
2481 664 2561 709 eo
2607 645 2856 709 talen-

595 760 755 819 tum
817 754 892 819 et
951 753 1130 819 date
1190 753 1258 816 ei
1317 752 1446 835 qui
1506 752 1753 816 habet
1811 751 2069 815 decem
2132 750 2468 815 talenta.
2544 768 2615 815 ac
2669 748 2856 833 paulo

596 860 772 939 post:
841 857 919 920 et
964 874 1272 920 seruum
1318 872 1645 938 nequam
1704 855 2055 935 proicite
2099 853 2179 919 in
2224 852 2603 919 tenebras
2651 855 2856 917 exte·
2901 868 2927 910 ε

535 958 877 1042 4riores‚
953 959 1065 1023 ibi
1140 960 1292 1023 erit
1366 957 1614 1022 fletus
1690 957 1768 1021 et
1839 956 2151 1021 stridor
2223 957 2604 1020 dentium.
2694 956 2858 1037 quod

596 1062 933 1127 tamenetsi
994 1063 1186 1126 etiam
1249 1061 1329 1125 ad
1389 1060 1561 1125 aliud
1622 1060 1840 1124 referri
1883 1062 2109 1141 potest,
2175 1062 2385 1125 tamen
2430 1059 2565 1123 loco
2613 1077 2854 1141 quoque

597 1165 662 1230 et
706 1184 923 1230 causae
967 1164 1113 1228 huic
1158 1181 1280 1228 non
1324 1162 1730 1228 insalubriter
1776 1163 2121 1244 coaptatur.
2184 1181 2330 1227 cum
2360 1162 2528 1227 enim
2559 1180 2855 1225 nummu-

558 1269 565 1283 “
596 1268 739 1333 larii
806 1268 1134 1333 saluatoris
1201 1284 1500 1349 pauperes
1559 1271 1622 1331 et
1689 1267 1868 1350 egeni
1934 1270 2101 1331 recte
2169 1265 2637 1350 intellegantur,
2712 1264 2857 1347 quia

596 1370 872 1454 pecunia,
919 1389 1076 1453 quae
1122 1370 1356 1435 talibus
1403 1369 1815 1451 dispensatur,
1863 1373 2147 1452 augetur,
2196 1389 2336 1434 cum
2382 1369 2590 1435 usuris
2622 1369 2855 1451 absque
2875 1389 2926 1429 ιο

596 1474 784 1540 dubio
817 1492 855 1538 a
885 1475 998 1538 deo
1029 1473 1314 1538 redditur
1359 1474 1659 1556 quidquid
1695 1475 2019 1555 egentibus
2053 1474 2356 1557 erogatur.
2417 1473 2581 1538 unde
2612 1476 2676 1537 et
2706 1473 2855 1539 alibi

593 1578 868 1660 apertius
913 1577 1046 1658 ipse
1092 1579 1395 1643 dominus·
1423 1576 1797 1641 distribuere
1844 1577 2072 1641 diuites
2119 1595 2261 1658 opes
2309 1577 2528 1641 mundi
2558 1577 2622 1640 et
2652 1576 2854 1640 facere

595 1681 714 1744 sibi
785 1679 1083 1755 sacculoS,
1154 1680 1260 1761 qui
1328 1670 1453 1745 non
1520 1681 1927 1759 ueterescant‚
1998 1680 2192 1745 iubet.
2268 1680 2375 1744 sed
2445 1682 2508 1744 et
2574 1679 2639 1742 in
2706 1696 2854 1744 uase

597 1782 913 1846 electionis
982 1800 1129 1846 suae
1196 1781 1428 1847 idcirco
1496 1782 1914 1864 locupletibus
1982 1783 2235 1847 diuitias
2303 1801 2339 1846 a
2405 1782 2651 1849 domino
2719 1783 2852 1846 dari

534 1885 849 1968 5indicat,
895 1887 967 1948 ut
1013 1885 1174 1949 bono
1222 1904 1402 1966 opere
1447 1885 1779 1949 ditescant.
1858 1886 1925 1948 et
1980 1886 2117 1951 ideo
2163 1888 2353 1952 etiam
2399 1903 2511 1969 ego
2556 1884 2850 1949 minimus
2870 1908 2921 1950 ιο

596 1992 658 2055 et
721 1986 1194 2071 indignissimus
1270 1988 1649 2053 famulorum
1721 1991 1819 2054 dei
1884 1988 2162 2070 primum
2228 2008 2300 2054 ac
2367 1989 2851 2054 saluberrimum

595 2091 913 2173 religionis
961 2090 1234 2155 officium
1280 2109 1412 2156 esse
1459 2092 1617 2170 dico,
1664 2095 1737 2156 ut
1769 2091 2164 2158 Christianus
2212 2092 2406 2171 diues,
2453 2095 2602 2157 dum
2641 2091 2706 2155 in
2735 2090 2851 2154 hac

595 2195 732 2258 uita
792 2196 903 2272 est,
964 2194 1221 2258 diuitias
1281 2194 1498 2258 mundi
1555 2195 1740 2260 huius
1796 2215 1906 2277 pro
1953 2195 2049 2260 dei
2097 2195 2346 2262 nomine
2393 2200 2579 2278 atque
2624 2195 2853 2259 honore

596 2302 948 2374 consumat3
993 2297 1333 2362 secundum
1385 2292 1615 2376 autem,
1661 2299 1737 2362 ut
1779 2298 1833 2362 si
1864 2299 1927 2364 id
1972 2300 2072 2363 uel
2118 2301 2293 2364 metu
2338 2300 2440 2363 uel
2484 2296 2854 2362 infirmitate

593 2399 698 2465 uel
763 2400 1133 2465 necessitate
1201 2400 1411 2484 aliqua
1475 2402 1869 2484 praepeditus
1938 2401 2097 2467 forte
2152 2421 2274 2468 non
2326 2402 2564 2478 fecerit,
2637 2400 2849 2465 saltim
2872 2424 2924 2466 20

594 2503 862 2569 moriens
908 2504 1198 2568 uniuersa
1243 2505 1580 2585 dispenset.

535 2628 575 2692 6
681 2624 766 2687 ΙΙ.
829 2623 947 2688 Sed
1011 2624 1165 2688 dicit
1225 2624 1523 2690 fortasse:
1591 2625 1752 2689 filios
1811 2626 2027 2690 habeo.
2105 2626 2236 2690 iam
2292 2626 2367 2690 de
2428 2626 2544 2690 hoc
2598 2626 2849 2706 quidem

595 2726 961 2807 principalis
1006 2726 1219 2810 libelli
1256 2729 1487 2814 pagina
1532 2731 1594 2792 et
1641 2729 2096 2806 conuenientia,
2156 2730 2230 2793 ut
2273 2729 2558 2805 arbitror,
2620 2730 2684 2793 et
2727 2746 2849 2791 non

594 2846 791 2909 pauca
832 2825 1224 2912 memorauit,
1272 2831 1548 2914 satisque
1593 2832 1669 2896 ad
1715 2831 1877 2896 hanc
1921 2851 2053 2896 rem
2085 2831 2319 2897 domini
2364 2849 2567 2896 sermo
2613 2828 2853 2896 sufficit

596 2930 836 2995 dicens:
904 2933 1033 3014 qui
1101 2937 1309 2997 amat
1376 2934 1641 2999 filium
1700 2940 1832 2998 aut
1886 2933 2149 2998 filiam
2206 2953 2442 3016 super
2498 2954 2645 3010 me,
2705 2951 2921 2997 nonas

593 3037 711 3097 est
755 3054 866 3097 me
913 3035 1234 3116 dignus:
1293 3035 1402 3100 sed
1451 3040 1523 3122 ,et
1568 3036 1998 3120 propheticum
2044 3037 2225 3113 illud,
2288 3038 2450 3120 quod
2498 3037 2607 3120 ait,
2653 3055 2850 3118 neque

593 3139 801 3217 patres
859 3157 969 3226 pro
1027 3135 1177 3202 filiis
1237 3133 1459 3221 neque
1494 3132 1656 3205 filios
1718 3159 1825 3222 pro
1877 3142 2240 3222 parentibus
2285 3141 2671 3220 iudicandos,‚
2740 3138 2850 3204 sed

591 3259 784 3304 unum
857 3258 1161 3321 quemque
1232 3241 1554 3307 hominum
1621 3247 1731 3307 aut
1788 3261 1899 3307 sua
1965 3243 2409 3309 iustificatione
2479 3243 2851 3308 saluandum

593 3344 703 3405 aut
758 3361 869 3406 sua
926 3342 1256 3423 iniquitate
1312 3344 1697 3427 periturum:
1759 3363 1829 3410 ac
1885 3365 1992 3428 per
2041 3347 2172 3420 hoc,
2232 3346 2543 3428 quaslibet
2588 3344 2847 3411 diuitias

590 3443 773 3507 homo
812 3445 966 3534 ‘filiis
997 3445 1128 3509 suis
1162 3452 1477 3529 congerat,
1528 3465 1917 3531 nequaquam
1950 3450 2067 3514 hoc
2098 3451 2155 3513 ei
2184 3450 2462 3532 proderit
2491 3451 2557 3513 in
2589 3448 2837 3524 iudicio,
2867 3471 2921 3514 so

794 3647 826 3699 5
866 3646 1064 3702 Matth.
1099 3649 1181 3714 25,
1220 3648 1287 3702 30
1463 3651 1521 3703 11
1572 3649 1699 3703 Luc.
1739 3650 1804 3704 12
1991 3650 2055 3704 13
2090 3652 2118 3706 Ι
2155 3653 2289 3707 Tim.
2329 3654 2363 3706 6
2534 3653 2603 3707 25
2647 3653 2846 3707 Matth.

594 3731 673 3796 10,
711 3732 778 3785 37
986 3733 1054 3786 26
1091 3733 1275 3787 Ezech.
1315 3735 1382 3788 18
2362 3734 2371 3744 ”

611 3963 617 3988 ;
693 3921 726 3974 2
763 3922 1079 3975 numolariis
1116 3923 1226 3978 AB
1260 3925 1357 3979 sed
1391 3925 1446 3979 A
1480 3942 1522 3980 s.
1560 3941 1590 3977 o
1625 3941 1730 3980 scr.
1768 3942 1803 3978 u
1837 3942 1903 3980 m.
1940 3930 1977 3981 2
2012 3929 2031 3994 (
2036 3929 2207 3995 paulo
2234 3933 2363 3996 post
2398 3928 2709 3994 numularii)

591 4007 891 4076 recipissem
929 4008 1040 4062 AB
1229 4012 1258 4063 7
1299 4013 1521 4064 tametsi
1555 4012 1610 4065 B
1806 4012 1871 4066 10
1907 4002 2246 4083 dispensatur
2283 4030 2351 4068 ea:
2388 4018 2501 4067 -tor
2536 4029 2677 4069 corr.
2715 4031 2782 4068 m.
2812 4016 2851 4068 2

591 4095 646 4147 Β
855 4094 915 4147 11
967 4110 1000 4147 a
1045 4095 1243 4148 addidi
1287 4112 1409 4150 cum
1455 4097 1715 4152 Hartelio
1762 4098 1856 4164 (cf.
1893 4115 1948 4155 u.
1986 4102 2077 4166 14)
2267 4101 2351 4156 ,13
2396 4102 2732 4154 ueterascant
2783 4115 2851 4155 em

591 4185 840 4238 ueteresc.
875 4197 1009 4236 corr.
1047 4199 1115 4235 m.
1155 4185 1194 4236 2
1227 4183 1284 4237 B
1486 4185 1557 4238 20
1593 4186 1731 4240 salte
1767 4202 1837 4241 ex
1870 4188 1950 4240 -ti
1985 4203 2125 4242 corr.
2161 4205 2227 4242 m.
2269 4191 2309 4241 2
2343 4188 2399 4241 A
