3380 4919
1250 1041 1675 1140 LIBER
1745 1042 1887 1141 VI.

531 1318 581 1383 I.
649 1317 1063 1385 Personaliter
1136 1319 1245 1386 diu
1315 1318 1511 1385 locuti
1579 1336 1799 1387 sumus
1866 1322 1931 1383 et
2006 1319 2333 1389 excessisse
2409 1318 2692 1387 uidemur
2716 1320 2755 1387 1·

448 1421 726 1501 regulam
786 1421 1165 1503 disputandi.
1242 1420 1478 1505 cogitat
1535 1422 1702 1489 enim
1760 1420 1992 1504 absque
2052 1421 2238 1491 dubio
2283 1421 2338 1485 is
2385 1423 2492 1504 qui
2537 1422 2696 1505 legit

456 1524 532 1607 (si
576 1523 767 1595 fuerit
811 1525 1022 1595 tamen
1067 1524 1313 1607 aliquis,
1359 1523 1466 1606 qui
1496 1523 1650 1591 haee
1680 1522 1919 1591 Christi
1963 1543 2173 1593 amore
2221 1525 2572 1606 conscripta
2616 1527 2693 1593 ob

409 1651 433 1691 ⁵
449 1623 766 1695 Christum
819 1627 1041 1713 legat),
1107 1628 1344 1712 cogitat
1392 1630 1475 1697 ,de
1516 1646 1620 1699 me
1676 1627 1840 1697 forte
1895 1628 1997 1693 uel
2056 1628 2248 1699 dicit:
2315 1646 2459 1699 eum
2506 1644 2693 1697 eausa

446 1729 750 1813 generalis
818 1730 921 1808 sit,
986 1748 1175 1820 quam
1242 1731 1613 1814 exsequitur,
1684 1731 1834 1816 quid
1889 1732 2140 1816 negotio
2196 1731 2344 1803 huie
2401 1729 2688 1809 eontulit,

448 1835 606 1916 quod
650 1835 716 1903 in
759 1850 1088 1916 personam
1120 1896 1125 1901 ,
1157 1835 1341 1903 unius
1410 1836 1586 1902 tanta
1642 1835 2006 1919 congessit?
2074 1839 2203 1903 esto
2246 1869 2331 1885 -—-
2374 1834 2693 1916 putaueris

448 1936 614 2003 enim
641 1974 727 1985 --
757 1937 887 2014 ille,
933 1938 1009 2002 de
1040 1954 1158 2019 quo
1187 1937 1435 2005 loeutus
1466 1940 1581 2017 est,
1627 1938 1780 2006 talis
1823 1938 1938 2003 sit:
1985 1939 2096 2005 sed
2141 1937 2446 2020 numquid
2491 1937 2694 2005 officit

449 2039 716 2111 bonitati
772 2038 956 2109 unius
1011 2039 1242 2107 crimen
1301 2039 1580 2120 alterius,
1653 2045 1782 2119 aut,
1849 2043 2013 2123 qued
2055 2040 2280 2109 fortius
2328 2041 2528 2107 multo
2576 2041 2687 2119 est,

384 2168 432 2208 ιο
448 2141 745 2224 numquid
789 2142 1055 2209 laeditur
1100 2146 1330 2211 scelere
1374 2145 1683 2227 personali
1728 2162 1920 2211 eausa
1959 2143 2371 2213 cunctorum?
2438 2146 2758 2226 possum-2
2795 2142 2796 2145 ’

448 2248 695 2330 quidem
730 2245 1124 2313 euidentibus
1168 2247 1547 2313 testimoniis
1572 2247 1933 2329 adprobare,
1969 2248 2114 2328 qnia
2142 2246 2430 2315 laeditur.
2486 2246 2692 2315 Achar

449 2349 616 2414 enim
683 2350 993 2431 quondam
1052 2348 1128 2415 de
1186 2349 1586 2417 anathemate
1652 2350 1973 2433 quippiam
2041 2349 2210 2418 furto
2277 2349 2562 2427 abstulit,
2629 2353 2691 2415 et

447 2453 679 2522 crimen
745 2453 930 2518 unius
994 2453 1267 2520 hominis
1322 2455 1511 2538 plaga
1562 2454 1843 2520 omnium
1887 2454 2025 2521 fuit.
2101 2451 2314 2520 Dauid
2378 2453 2691 2521 numerari

448 2556 692 2638 plebem
734 2554 1198 2624 Israhelitioam
1255 2557 1466 2635 iussit,
1520 2557 1592 2626 ,et
1648 2574 1919 2624 errorem
1964 2555 2135 2624 illius
2180 2555 2469 2622 dominus
2513 2554 2690 2622 clade

388 2679 432 2721 ιε
448 2660 636 2724 totius
701 2661 914 2743 populi
980 2661 1340 2727 uindicauit.
1408 2662 1717 2743 Rapsaoes
1781 2661 2026 2727 locutus
2096 2661 2398 2743 quaedam
2466 2661 2560 2724 est
2625 2659 2692 2723 in

450 2763 883 2829 contumeliam
940 2764 1069 2839 dei,
1129 2769 1193 2828 et
1237 2779 1518 2828 πων
1560 2764 1888 2829 hominum
1930 2762 2105 2828 milia
2148 2764 2353 2847 strage
2408 2759 2692 2845 perculit,

450 2866 606 2948 quod
646 2867 831 2931 unius
860 2865 1102 2949 profani
1134 2866 1401 2931 hominis
1432 2886 1650 2949 procax
1682 2867 1901 2947 lingua
1929 2865 2266 2932 maledixit.
2313 2864 2378 2929 et
2406 2865 2543 2929 ideo
2572 2882 2694 2929 non

448 2969 757 3034 immerito
834 2970 1022 3033 etiam
1095 2969 1318 3034 beatus
1390 2971 1710 3052 apostolus
1783 2969 2017 3035 Paulus
2091 2967 2210 3034 eici
2282 2967 2358 3032 de
2432 2966 2697 3033 ecelesia

448 3073 842 3155 pestilentem
889 3072 1064 3156 iubet
1107 3076 1171 3137 et
1213 3091 1321 3137 eur
1367 3073 1578 3137 iubeat
1626 3073 1900 3138 ostendit
1946 3072 2184 3138 dicens:
2231 3071 2416 3154 quia
2457 3070 2693 3135 modi-

389 3188 613 3240 aecum
657 3174 1124 3241 fermentum
1172 3176 1416 3241 totam
1463 3194 1791 3242 massam
1822 3175 2287 3258 corrumpat.
2350 3175 2516 3239 unde
2560 3173 2693 3239 eui-

452 3277 662 3346 denter
728 3279 1123 3362 agnoscimus
1182 3280 1373 3345 etiam
1426 3298 1622 3348 unum
1685 3279 2046 3361 saepissime
2092 3279 2334 3344 malum
2375 3277 2695 3346 hominem

649 3484 712 3537 11
749 3483 975 3538 Ione?
1116 3482 1549 3552 13111303.24
1686 3479 2001 3538 1512236
2139 3480 2421 3536 191001.
2461 3481 2581 3546 5,6

548 3652 2332 3723 7impersonamA3idemstatimestoexestucorr.m2
2532 3655 2694 3722 puta-

449 3739 587 3792 ueris
624 3739 920 3808 (putauerit
951 3756 1024 3794 m.
1060 3742 1119 3804 2)
1169 3740 1326 3793 -talis
1361 3740 1437 3794 sit
1471 3742 1550 3795 A:
1602 3742 1688 3795 est
1724 3739 1881 3793 ·talis
1919 3739 1974 3794 B
2008 3738 2190 3808 (Βαΐαις
2236 3738 2513 3808 putaueris
2549 3738 2693 3793 enim

449 3823 554 3891 ille,
589 3825 655 3879 de
692 3842 797 3893 que
825 3831 922 3879 etc.
955 3826 1311 3895 interpmmit
1343 3827 1626 3891 Halmiow)
1834 3827 1903 3880 10
1935 3825 2170 3880 laeditur
2206 3841 2277 3880 ex
2311 3825 2425 3879 lar&
2458 3825 2514 3880 A
2551 3841 2691 3882 corr.

448 3925 513 3962 m.
540 3914 594 3977 2,
630 3911 781 3965 idm
810 3912 999 3966 uatium
1030 3911 1179 3966 Aelia
1216 3928 1283 3966 a
1318 3912 1494 3966 Achai·
1700 3913 1766 3967 16
1799 3924 2028 3968 cmxxxv
2061 3912 2341 3967 hominnm
2373 3937 2429 3967 a·
2462 3915 2595 3981 (ras.
2629 3913 2698 3968 in

449 3994 543 4060 fin.
572 3997 688 4052 lin.
734 4003 793 4052 et
833 3997 899 4052 in
941 4014 1113 4069 mm.
1160 3997 1339 4052 adm.
1375 4014 1444 4052 m.
1477 4000 1759 4054 recentis&
1808 3998 1986 4068 milia)
2020 4000 2101 4054 A:
2154 4000 2372 4054 eentum
2417 4000 2696 4070 octoginta

448 4083 678 4151 quinque
710 4082 865 4138 milia
897 4083 1176 4139 hominnm
1226 4084 1277 4138 B
1485 4084 1550 4139 19
1586 4084 1670 4139 eui
1706 4100 1750 4138 ε.
1787 4084 1809 4137 i
1841 4098 1943 4140 scr.
1982 4101 2010 4138 r
2043 4102 2110 4138 m.
2148 4088 2190 4140 2
2224 4088 2280 4140 Α,
2485 4086 2691 4156 iubeat]

447 4167 595 4222 iubet
643 4169 701 4224 B
934 4170 1008 4224 m
1055 4170 1348 4239 corrumpit
1399 4170 1454 4225 B
1692 4169 1835 4224 unde
1877 4171 1933 4224 A
1975 4176 2035 4225 et
2080 4173 2220 4226 coni.
2257 4171 2663 4228 Rittershueu‘us
2679 4190 2698 4228 ε

448 4252 569 4309 inde
601 4254 656 4309 B
