3380 4919
628 332 679 391 X

625 524 827 600 canis
874 524 1281 598 membran.
1337 549 1411 598 n.
1472 528 1620 598 554
1675 550 1864 600 saec.
1919 525 2110 602 XIII
2163 537 2235 601 et
2289 553 2356 602 n.
2404 530 2601 603 5034
2657 552 2885 600 mem-

625 646 835 720 bran.
893 669 1080 718 saec.
1123 644 1290 738 XV,
1348 671 1387 718 e
1440 644 1696 720 codice
1751 644 2112 721 Vrbinate
2163 648 2566 724 membran.
2624 672 2694 720 n.
2738 652 2884 721 554

622 789 812 841 saec.
864 764 1038 857 XII,
1097 790 1138 838 e
1192 763 1709 843 Vallicellianis
1763 766 2165 840 membran.
2221 792 2296 841 n.
2340 770 2438 843 58
2495 793 2683 843 saec.
2739 768 2888 844 XV

626 896 696 959 et
748 883 1062 959 chartac.
1130 888 1285 969 125ι
1329 908 1512 965 saec.
1570 884 1756 959 XVI
1809 910 1866 963 S.
1923 885 2167 961 XVII.

725 1031 863 1104 His
938 1031 1355 1105 duumuiris
1445 1031 1572 1131 qui
1630 1030 2003 1105 triumuir
2094 1032 2472 1107 codicibus
2552 1031 2884 1108 Saluiani

622 1150 896 1228 Italicis
968 1151 1330 1227 adeundis
1395 1152 1747 1226 accedere
1819 1146 2062 1226 uoluit
2123 1152 2195 1229 J.
2251 1152 2886 1229 Zechmeister

621 1268 1247 1359 Vindobonensis.
1320 1268 1540 1371 quem
1609 1272 1892 1345 interea
1956 1284 2432 1370 praematura
2481 1285 2717 1349 ‘morte
2769 1274 2883 1349 lit·

621 1392 794 1467 teris
863 1393 942 1466 in
1010 1391 1267 1491 primis
1350 1391 1635 1467 edendo
1715 1390 1891 1465 huic
1952 1392 2398 1490 scriptorum
2428 1395 2884 1510 ecclesiasti3

623 1537 883 1587 corum
918 1512 1211 1610 corpori
1248 1521 1581 1611 ereptum
1618 1512 1741 1585 uel
1776 1511 2095 1587 maxime
2141 1511 2394 1610 lugent
2433 1515 2884 1616 quicumque

621 1632 775 1707 eius
878 1633 1253 1731 ingenium
1363 1632 1841 1729 sagacitatem
1940 1631 2340 1708 sollertiam
2441 1634 2884 1709 modestiam

619 1768 1009 1843 nonerunt,
1088 1752 1165 1825 in
1233 1777 1477 1824 meum
1552 1777 1767 1825 usum
1840 1764 1955 1826 sat
2027 1751 2281 1826 multis
2333 1752 2514 1827 locis
2572 1755 2883 1829 contulit

619 1872 1036 1948 Florentiae
1126 1872 1454 1947 codicem
1532 1872 2113 1945 Laurentianum
2167 1854 2609 1947 ⁴membran.
2692 1874 2877 1972 plut.

619 1992 843 2069 XXV
892 2019 963 2066 n.
1026 1991 1168 2069 VII
1222 2016 1413 2066 saec.
1469 1989 1638 2064 XV.
1714 1991 1933 2065 cuius
1998 1990 2297 2090 quidem
2366 1993 2877 2067 triumuiratus

623 2138 797 2212 erga
865 2138 986 2186 me
1053 2112 1566 2187 liberalitatem
1640 2113 1766 2188 hic
1830 2111 2248 2212 gratissimo
2321 2114 2568 2188 animo
2631 2113 2877 2189 recolo

619 2258 1058 2332 semperque
1112 2232 1459 2308 recolam.

719 2381 882 2454 Iam
937 2380 1321 2479 quaeritur*
1369 2405 1560 2479 quae
1615 2379 2081 2481 singulorum
2129 2404 2317 2480 quos
2371 2406 2592 2482 supra
2642 2381 2879 2456 nomi-

614 2502 793 2576 naui
873 2501 1215 2577 codicum
1290 2502 1388 2576 sit
1465 2501 1864 2577 auctoritas
1933 2513 2024 2575 et·
2075 2527 2223 2600 quo
2305 2500 2878 2602 propinquitatis

620 2622 918 2697 uinculo
987 2623 1181 2698 inter
1250 2649 1329 2698 se
1384 2625 1798 2699 teneantur.
1882 2622 2128 2723 quode
2199 2624 2387 2698 scias
2457 2623 2652 2698 hanc
2722 2647 2878 2696 esse

617 2767 859 2815 meam
913 2743 1354 2817 sententiam
1422 2769 1643 2843 quam
1699 2768 1939 2843 nuper
1989 2744 2038 2816 l.
2094 2741 2141 2815 l.
2194 2742 2606 2842 expositam
2659 2740 2876 2814 hodie

615 2861 851 2935 multo
910 2862 1177 2936 certius
1212 2862 1624 2960 profiteor:
2517 2857 2522 2862 ’

628 3047 636 3056 ‘
725 3016 1084 3093 Omnium
1140 3015 1479 3091 codicum
1533 3013 1756 3114 longe
1809 3015 2131 3116 optimus
2185 3028 2296 3090 est
2339 3016 2409 3088 A
2458 3026 2530 3089 et
2563 3016 2666 3090 ita
2719 3016 2878 3113 qui·

621 3138 789 3240 dem
840 3148 945 3231 ut,
1001 3136 1142 3212 nisi
1166 3205 1170 3210 .
1195 3135 1482 3235 aliquot
1530 3136 1838 3211 lacunas
1887 3136 2196 3232 haberet
2245 3135 2644 3234 multisque
2696 3136 2877 3211 locis

617 3257 890 3336 oblitus
936 3282 1222 3342 exesus
1293 3257 1714 3356 perforatus
1767 3257 1928 3332 situ
1982 3267 2054 3350 et
2104 3257 2409 3348 madore
2480 3269 2875 3356 corruptus

618 3390 826 3473 esset,
884 3377 1086 3454 solus
1138 3377 1291 3478 fere
1331 3377 1430 3476 ad
1475 3377 1859 3476 scriptoris.
1885 3376 2302 3475 genuinam
2323 3402 2628 3470 manum
2660 3402 2876 3454 reuo·.·

617 3497 941 3602 eandam..
983 3510 1190 3600 esset
1245 3496 1710 3586 suffecturus.
1792 3497 2247 3595 reliquorum
2300 3522 2478 3571 uero
2513 3496 2875 3588 ⁶codicum

614 3619 960 3721 princeps
1011 3618 1454 3708 iudicandus
1493 3629 1604 3693 est
1640 3618 1747 3714 B,
1804 3617 1902 3694 ad
1939 3642 2161 3715 quem
2207 3616 2545 3716 proxime
2592 3617 2876 3694 accedit

622 3739 714 3826 T;
767 3737 899 3838 sed
949 3738 1389 3837 plerumque
1444 3739 1514 3811 A
1566 3750 1637 3812 et
1688 3738 1762 3811 B
1814 3736 1973 3835 soli,
2041 3738 2165 3811 hic
2215 3736 2516 3832 illicab
2573 3737 2873 3832 editoris

613 3883 844 3960 manu
884 3897 891 3904 ·
925 3856 1420 3932 emendatrice
1499 3857 1753 3955 adiuti,
1839 3856 1936 3931 ad
2004 3854 2497 3958 archetypum
2561 3858 2870 3933 resusci-

614 3977 923 4053 tandum
978 3977 1156 4050 certi
1220 3991 1392 4051 sunt
1447 3977 1693 4064 duces·

716 4131 1084 4205 Nimirum
1134 4157 1227 4207 ex
1274 4132 1470 4207 libro
1524 4133 1930 4234 archetypo
1974 4135 2358 4234 originem¹
2387 4129 2682 4209 duxisse
2703 4151 2872 4227 <pu-

614 4251 823 4326 tandi
875 4263 1050 4325 sunt
1119 4252 1268 4325 duo
1341 4253 1805 4352 apOgraphi‚.
1844 4275 2174 4352 quorum·
2217 4251 2399 4330 alter
2452 4250 2868 4350 diligentius
