3380 4919
614 323 692 387 12
1570 319 1883 374 Saluiani

609 509 907 575 mundani
953 509 1222 592 corporis
1270 509 1664 594 gubernaret.
1744 511 1850 574 sed
1896 508 1963 573 in
2007 509 2346 592 principio,
2391 510 2629 592 inquiS,
2675 530 2850 577 crea·

608 617 894 678 turarum
955 613 1103 677 haec
1163 615 1309 677 sunt
1365 631 1401 677 a
1458 613 1570 677 deo
1629 614 1875 677 statuta
1933 613 2120 693 atque
2178 612 2503 694 disposita:
2575 615 2852 680 ceterum

605 716 850 797 patrata
896 715 1303 780 uniuersitate
1333 734 1540 780 rerum
1573 715 1761 796 atque
1793 713 2067 797 perfecta
2097 717 2362 780 remouit
2393 735 2430 781 a
2460 735 2525 781 se
2558 720 2848 784 cunctam

607 820 1000 884 terrestrium
1045 837 1252 882 rerum
1299 837 1511 883 curam
1543 820 1605 881 et
1635 818 1982 901 ablegauit:
2029 817 2308 882 laborem
2354 819 2645 885 uidelicet
2692 821 2850 886 forte

608 921 853 1005 fugiens
898 940 934 985 a
978 939 1086 985 suo
1131 922 1263 984 loco
1311 918 1671 984 amandauit
1703 922 1766 983 et
1796 919 2148 984 molestiam
2180 920 2568 1006 fatigationis
2603 925 2846 989 euitans
2890 945 2918 987 ⁵

605 1024 714 1088 aut
757 1026 1091 1105 occupatus
1136 1022 1405 1107 negotiis
1451 1021 1595 1087 aliis
1625 1027 1870 1104 partem
1902 1042 2113 1087 rerum
2142 1023 2421 1108 reliquit,
2466 1026 2613 1108 quia
2643 1029 2846 1092 totum

605 1126 772 1193 obire
817 1144 942 1190 non
985 1125 1198 1208 possit.

501 1229 577 1293 21
691 1231 763 1294 V.
811 1230 1114 1295 Remouet
1159 1229 1353 1313 igitur
1398 1246 1435 1292 a
1480 1247 1565 1306 se,
1613 1228 1840 1311 inquiS,
1890 1246 2104 1294 curam
2151 1231 2512 1295 mortalium
2559 1232 2725 1297 deus.
2786 1233 2848 1296 et

605 1350 756 1415 quae
802 1349 946 1413 ergo
990 1330 1167 1396 nobis
1231 1331 1481 1396 diuinae
1535 1331 1856 1414 religionis
1902 1333 1997 1396 est
2040 1333 2247 1397 ratio?
2313 1351 2470 1415 quae
2517 1335 2618 1398 uel
2663 1351 2849 1398 causa

603 1433 918 1499 Christum
966 1434 1208 1499 colendi
1253 1435 1353 1499 uel
1399 1452 1536 1516 spes
1580 1434 2004 1516 propitiandi?
2068 1435 2122 1498 si
2167 1435 2332 1499 enim
2379 1435 2657 1521 neglegit
2700 1437 2919 1502 deusm

601 1539 667 1601 in
713 1537 831 1602 hoc
876 1537 1120 1602 saeculo
1165 1556 1358 1622 genus
1402 1538 1743 1615 hominum,
1791 1556 1900 1602 cur
1945 1539 2024 1603 ad
2070 1540 2310 1604 caelum
2357 1537 2583 1603 cotidie
2626 1557 2847 1604 manus

602 1642 962 1706 tendimus?
1030 1659 1140 1706 cur
1184 1639 1569 1706 orationibus
1625 1640 1856 1706 crebris
1912 1641 2407 1706 misericordiam
2453 1640 2548 1705 dei
2596 1641 2848 1724 quaeri-

603 1744 788 1810 mus?
833 1763 939 1808 cur
984 1745 1062 1809 ad
1109 1743 1563 1808 ecclesiasticas
1595 1743 1829 1807 ‘domus
1876 1744 2229 1808 currimus?
2275 1762 2385 1808 cur
2431 1743 2852 1808 antealtaria

603 1844 1070 1927 supplicamus?
1135 1845 1311 1910 nulla
1367 1848 1461 1910 est
1520 1844 1685 1909 enim
1748 1845 1928 1911 nobis
1993 1846 2152 1910 ratio
2209 1844 2536 1926 preca-ndi,
2597 1844 2650 1910 si
2710 1863 2848 1928 spes

601 1947 847 2012 tollitur
904 1948 1306 2030 impetrandi.
1381 1947 1557 2012 uides
1616 1966 1762 2032 ergo
1808 1966 1997 2030 quam
2042 1949 2241 2013 stulta
2284 1949 2472 2031 atque
2516 1949 2717 2014 inanis
2765 1949 2919 2015 sitit

601 2050 788 2114 huius
854 2050 1274 2132 persuasionis
1341 2051 1643 2115 adsertio:
1711 2068 1867 2133 quae
1925 2049 2143 2132 utique
2203 2050 2258 2114 si
2303 2051 2631 2134 recipitur,
2687 2052 2849 2117 nibil

498 2157 580 2221 22
600 2153 847 2234 penitus
904 2156 979 2219 de
1034 2154 1333 2238 religione
1394 2156 1702 2218 seruatur.
1778 2154 1884 2218 sed
1941 2154 2019 2218 ad
2075 2152 2237 2218 illud
2298 2153 2459 2218 forte
2505 2153 2847 2238 confugias,

602 2259 672 2320 ut
719 2257 887 2321 dicas
932 2273 1043 2320 nos
1090 2259 1262 2320 metu
1309 2255 1507 2319 futuri
1553 2254 1772 2319 iudicii
1819 2257 2004 2321 deum
2049 2255 2251 2322 colere
2284 2258 2349 2321 et
2378 2257 2440 2322 id
2471 2258 2640 2322 omni
2670 2275 2851 2341 puae-

601 2360 871 2424 sentium
933 2358 1280 2426 officiorum
1343 2360 1519 2424 cultu
1580 2359 1921 2439 elaborare,
1991 2361 2063 2423 ut
2107 2360 2177 2423 in
2222 2360 2321 2424 die
2376 2359 2574 2425 futuri
2631 2360 2852 2426 iudicii

603 2483 954 2530 mereamur
1001 2464 1262 2529 absolui.
1308 2465 1473 2546 quid
1520 2482 1663 2548 ergo
1710 2463 1830 2529 sibi
1878 2464 2020 2529 uult
2055 2464 2373 2547 apostolus
2403 2464 2636 2530 Paulus
2665 2483 2919 2547 praefi-so

600 2568 827 2650 cipiens
909 2569 1134 2633 cotidie
1202 2568 1270 2632 in
1339 2567 1597 2633 ecclesia
1664 2586 1737 2633 ac
1804 2568 2026 2632 iubens
2099 2571 2170 2632 ut
2230 2568 2558 2634 offeramus
2614 2568 2847 2651 iugiter

598 2673 707 2736 deo
780 2672 988 2735 nostro
1063 2672 1368 2736 orationes
1443 2672 1898 2738 obsecrationes
1973 2672 2425 2754 postulationes
2502 2671 2846 2754 gratiarum

600 2773 921 2837 actiones?
967 2775 1030 2838 et
1075 2773 1226 2839 haec
1269 2774 1476 2839 omnia
1521 2793 1707 2857 quam
1754 2774 1830 2839 ob
1864 2775 2161 2840 causam?
2208 2791 2392 2857 quam
2438 2776 2650 2856 utique
2697 2771 2843 2847 nisi,

598 2877 669 2939 ut
712 2874 844 2956 ipse
890 2876 1070 2956 dicit,
1137 2878 1219 2940 ut
1265 2876 1613 2958 quietam
1660 2880 1736 2940 e‘t
1780 2878 2319 2960 tranquillam
2378 2877 2628 2941 uitam
2672 2893 2846 2959 aga-

598 2997 763 3043 mus
827 2980 902 3042 in
968 2978 1174 3043 omni
1243 2980 1681 3044 castitate?
1747 2997 1857 3061 pro
1902 2979 2360 3064 praesentibuS‚
2419 2981 2491 3043 ut
2537 2978 2915 3058 uidemussse

598 3080 846 3146 domino
914 3081 1250 3163 supplicari
1316 3080 1490 3145 iubet
1562 3086 1623 3146 et
1680 3085 1872 3162 orari,
1947 3087 2106 3166 quod
2161 3084 2377 3163 utique
2436 3100 2560 3147 non
2602 3081 2845 3146 iuberet

493 3183 576 3247 23
598 3182 720 3247 nisi
767 3184 1001 3247 exorari
1046 3200 1225 3264 posse
1284 3182 1639 3251 confideret.
1715 3186 2018 3267 quomodo
2064 3203 2208 3268 ergo
2255 3183 2480 3265 aliquis
2523 3202 2633 3267 pro
2679 3183 2847 3249 obti-

596 3285 812 3351 nendis
858 3285 1054 3350 futuri
1085 3288 1378 3369 temporis
1408 3287 1584 3353 bonis
1614 3291 1860 3370 apertas
1894 3289 1995 3353 dei
2025 3306 2224 3366 aureS,
2270 3304 2381 3370 pro
2412 3286 2840 3369 praesentibus

596 3393 806 3454 autem
863 3388 1102 3454 clausas
1162 3390 1347 3471 atque
1404 3391 1755 3456 obstructas
1811 3392 2044 3474 putat?
2109 3390 2220 3456 aut
2276 3389 2580 3472 quomodo
2625 3408 2735 3454 nos
2773 3390 2845 3455 =in

796 3526 865 3580 20
916 3526 945 3580 Ι
985 3524 1121 3581 Tim.
1158 3525 1209 3592 2,
1247 3526 1275 3578 1
1302 3541 1384 3593 sq.

695 3646 729 3699 3
765 3646 995 3700 remouit
1029 3662 1101 3700 eae
1135 3646 1362 3699 remon&
1397 3647 1450 3698 A
1487 3662 1628 3700 corr.
1664 3662 1737 3699 m.
1774 3650 1811 3701 2
2001 3637 2047 3698 ‘5
2084 3643 2397 3697 amandauit
2433 3661 2466 3697 v
2503 3660 2637 3699 corr.
2676 3647 2845 3709 (man.

594 3732 917 3785 Brassicam'
950 3738 1016 3785 ut
1058 3732 1302 3796 uidetur)
1318 3752 1335 3785 .·
1390 3732 1783 3787 commendauit
1828 3732 1938 3785 AB
1987 3733 2059 3799 (et
2103 3730 2320 3799 quidem
2364 3732 2419 3785 Β
2467 3732 2641 3786 acrba
2684 3747 2714 3784 a
2750 3746 2845 3784 suo

592 3817 704 3870 loco
740 3831 926 3870 comm.
962 3818 1027 3870 in
1059 3833 1159 3887 my.
1195 3818 1355 3872 habet
1389 3834 1458 3873 m.
1494 3821 1558 3885 2)
1740 3818 1773 3871 9
1809 3823 1912 3885 que
1949 3818 2100 3884 (ante
2136 3816 2246 3884 uel)
2284 3818 2338 3872 Β
2514 3817 2582 3871 10
2615 3817 2844 3885 propici-

593 3902 720 3956 andi
756 3903 809 3954 A
992 3902 1057 3955 13
1092 3903 1274 3957 domos
1308 3904 1363 3957 Β
1541 3905 1601 3957 17
1639 3903 1909 3971 confugies
1947 3903 2001 3955 Β
2187 3903 2251 3957 18
2286 3903 2342 3956 id
2378 3903 2542 3972 omni]
2580 3902 2697 3957 ideo
2733 3919 2845 3957 om-

593 3989 741 4041 nium
780 3989 835 4042 Β
1042 3988 1106 4041 19
1152 3988 1356 4058 iudicii]
1395 3990 1592 4044 saeculi
1639 3989 1694 4043 Β
1902 3989 1970 4041 20
2003 4003 2235 4041 meream
2266 3989 2361 4043 sed
2395 4004 2599 4044 rasura
2630 4004 2751 4057 sup.
2789 4004 2843 4041 m

593 4075 670 4128 lit.
696 4074 791 4140 fin.
830 4076 885 4129 Β
1074 4074 1138 4129 21
1177 4076 1397 4129 ecclesia
1433 4077 1487 4129 Β
1526 4081 1576 4129 et
1607 4090 1745 4129 eras.
1780 4089 1837 4127 m
1871 4090 1934 4128 v:
1987 4074 2261 4129 ecclesiam
2299 4076 2409 4129 AB
2445 4076 2706 4130 Halmius

591 4158 880 4214 offerantur
914 4160 969 4214 Β
1178 4161 1245 4214 26
1292 4160 1580 4230 supplicari
1614 4160 1756 4213 AB:
1812 4160 2108 4229 supplicare
2143 4161 2405 4215 Halmius
2610 4159 2752 4214 orari
2788 4162 2843 4213 et

583 4245 757 4311 paulo
772 4249 897 4313 poet
920 4246 1118 4300 exorari
1143 4246 1465 4300 Hartelius:
1504 4261 1652 4299 orare
1677 4251 1730 4300 et
1753 4261 1966 4300 exorare
2001 4246 2111 4300 AB
2317 4246 2459 4315 quod
2494 4261 2593 4301 om.
2630 4244 2685 4298 Β
