3380 4919
691 313 815 378 258
1669 308 1980 361 Saluiani

688 498 914 562 stris:
979 517 1126 563 non
1185 516 1454 581 peram
1498 499 1576 562 in
1620 499 1754 562 uia
1796 516 2040 579 neque
2103 499 2288 563 duas
2334 499 2656 564 tunieas
2701 518 2944 583 neque

585 601 1213 670 40ealeiamenta
1257 621 1503 684 neque
1550 603 1883 685 uirgam.
1947 601 2153 666 uidete
2188 601 2423 684 quanta
2453 602 2540 667 sit
2585 603 2649 667 in
2679 604 2943 687 utroque

688 705 802 770 hoe
845 703 946 770 dei
990 723 1270 770 sermone
1316 706 1661 770 diuersitas.
1723 704 1890 770 laieo
1938 705 2093 770 dixit
2138 705 2209 769 si
2254 706 2412 783 uiS,
2459 708 2705 770 uende
2749 724 2945 789 quae

684 806 1083 890 possideS,
1154 808 1443 873 ministro
1513 809 1725 872 autem
1794 808 1970 873 nolo
2039 809 2460 890 possideas,
2540 810 2645 873 sed
2704 810 2767 874 et
2828 810 2947 875 hoe

683 930 904 993 parum
967 911 1366 988 existimauit,
1434 914 1506 976 ut
1566 912 2019 992 possessionem
2075 911 2131 976 ei
2175 911 2565 977 substantiae
2624 912 2945 995 amplioris
2988 935 3015 976 5

685 1014 976 1093 auferret,
1024 1014 1148 1078 nisi
1195 1015 1384 1080 etiam
1428 1035 1641 1097 peram
1686 1016 1891 1099 ipsam
1936 1020 2152 1081 aeturo
2196 1015 2319 1081 iter
2365 1017 2621 1100 longum
2667 1016 2945 1100 apostolo

684 1118 1046 1183 sustulisset
1104 1120 1169 1182 et
1228 1119 1412 1182 unius
1473 1138 1612 1183 eum
1676 1119 1927 1184 tunicae
1973 1118 2416 1202 singularitate
2460 1120 2811 1185 multasset.
2884 1124 2945 1184 et

686 1221 833 1303 quid
879 1222 1144 1303 postea?
1203 1241 1317 1287 nee
1359 1221 1476 1286 hoe
1521 1223 1678 1287 satis
1725 1222 1839 1289 est.
1918 1221 2103 1286 nudis
2149 1240 2390 1304 quoque
2434 1222 2687 1306 insuper
2732 1241 2945 1288 seruos

684 1343 824 1388 suos
890 1326 1160 1390 lustrare
1226 1326 1488 1408 pedibus
1558 1327 1770 1391 orbem
1837 1330 2149 1390 terrarum
2207 1326 2384 1390 iubet
2430 1329 2493 1391 et
2538 1325 2946 1391 calciamenta

580 1432 658 1497 41
682 1427 917 1509 plantis
963 1429 1110 1509 gelu
1155 1429 1506 1513 rigentibus
1551 1428 1722 1494 tulit.
1786 1431 1932 1511 quid
1964 1430 2089 1494 diei
2121 1430 2391 1513 amplius
2416 1432 2674 1512 potest?
2718 1433 2940 1512 pedum
2964 1454 3015 1493 ιο

683 1530 758 1595 de
806 1532 1068 1613 apostoli
1111 1551 1305 1598 manu
1349 1532 1557 1616 rapuit
1603 1536 1666 1597 et
1712 1534 2190 1616 peragrantibus
2220 1534 2592 1600 uniuersum
2636 1535 2943 1598 mundum

683 1634 989 1699 ministris
1035 1635 1167 1699 suis
1213 1654 1399 1700 usum
1443 1637 1628 1701 unius
1674 1635 1959 1718 uirgulae
2004 1653 2128 1702 non
2169 1636 2445 1718 reliquit.
2511 1640 2575 1701 et
2617 1638 2942 1719 posthaec

682 1756 903 1819 parum
950 1741 1046 1801 est
1092 1738 1545 1804 suecessoribus
1579 1757 1814 1818 eorum,
1862 1739 1928 1803 id
1974 1743 2069 1805 est
2114 1739 2327 1806 leuitis
2374 1759 2449 1805 ae
2494 1739 2939 1825 sacerdotibuS,

683 1840 863 1903 tanta
930 1840 1282 1907 diuinarum
1347 1860 1554 1906 rerum
1621 1841 2163 1907 administratione
2231 1844 2655 1926 fungentibuS,
2724 1846 2776 1908 si
2819 1845 2944 1928 ipsi

682 1944 933 2008 tantum
980 1945 1205 2009 diuites
1251 1944 1503 2025 fuerint,
1550 1945 1668 2010 nisi
1705 1946 1897 2011 etiam
1934 1947 2188 2011 heredes
2219 1947 2448 2013 diuites
2481 1947 2938 2030 derelinquant.
2959 1973 3014 2014 15

683 2045 1136 2124 erubescamus
1207 2066 1451 2130 quaeso,
1522 2049 1641 2113 hae
1711 2049 2106 2115 infidelitate.
2200 2050 2477 2116 sufficiat
2544 2051 2719 2116 nobis
2779 2051 2942 2133 quod

681 2150 969 2216 uidemur
1012 2170 1208 2232 usque
1253 2154 1330 2216 ad
1376 2151 1545 2218 uitae
1590 2153 1895 2218 terminos
1942 2153 2127 2217 deum
2173 2172 2494 2235 spernere:
2544 2172 2656 2218 eur
2699 2153 2763 2219 id
2810 2154 2943 2237 agi-

681 2250 842 2331 mus,
888 2257 960 2318 ut
1008 2256 1435 2338 contemptum
1492 2256 1686 2337 ipsius
1748 2256 1942 2321 etiam
1986 2258 2126 2338 post
2172 2259 2438 2321 mortem
2485 2258 2942 2322 extendamus?

578 2360 664 2425 42
682 2357 948 2422 diximus
994 2362 1069 2424 de
1114 2359 1390 2441 personis
1453 2363 1642 2442 atque
1701 2360 1925 2425 officiis
1971 2361 2364 2442 singulorum
2424 2366 2488 2425 et
2532 2362 2688 2426 haee
2733 2361 2945 2425 omnia

681 2462 836 2543 ideo,
883 2463 1046 2543 quia,
1108 2465 1182 2527 ut
1226 2482 1416 2546 supra
1461 2452 1751 2543 diximus,
1812 2464 2064 2546 quidam
2110 2465 2480 2548 religionem
2524 2465 2790 2547 professi
2836 2465 2944 2529 aut
2961 2486 3015 2526 20

679 2585 804 2630 non
870 2565 1094 2631 debere
1160 2585 1225 2631 se
1291 2568 1458 2631 sieut
1524 2568 1764 2632 eeteros
1838 2567 2191 2632 mundiales
2267 2568 2690 2633 substantiam
2763 2587 2942 2633 suam

680 2669 929 2733 domino
975 2673 1085 2735 aut
1130 2674 1295 2735 certe
1340 2670 1549 2735 minus
1596 2672 1819 2735 debere
1865 2670 2341 2749 arbitrarentur,
2389 2690 2530 2736 eum
2566 2672 2783 2754 utique
2828 2673 2942 2738 hoe

680 2772 882 2854 magis
947 2772 1234 2857 debeant,
1296 2774 1442 2855 quia
1500 2791 1741 2853 seruuS,
1804 2774 1913 2857 qui
1966 2774 2082 2839 seit
2126 2775 2518 2839 uoluntatem
2564 2776 2798 2840 domini
2844 2777 2941 2840 sui

683 2878 743 2938 et
788 2892 913 2938 non
970 2876 1125 2939 faeit
1183 2895 1338 2953 eam,
1396 2877 1653 2959 uapulet
1700 2877 1937 2955 multis,
1999 2879 2106 2959 qui
2149 2882 2361 2943 autem
2408 2879 2627 2957 neseit,
2685 2880 2943 2961 uapulet

579 2981 664 3045 43
680 2978 915 3059 paucis.
992 2979 1210 3061 religio
1255 2983 1464 3043 autem
1508 2980 1771 3045 scientia
1816 2985 1911 3045 est
1958 2982 2077 3060 dei,
2127 2999 2200 3046 ae
2244 3001 2355 3063 per
2398 2981 2517 3046 hoe
2548 2982 2748 3046 omnis
2793 2982 3012 3053 reli-25

683 3079 893 3163 giosus
942 3080 1055 3145 hoe
1099 3082 1252 3164 ipso,
1314 3084 1473 3163 quod
1521 3083 1888 3167 religionem
1931 3084 2236 3166 sequitur,
2297 3084 2397 3149 dei
2442 3103 2506 3149 se
2551 3087 2943 3150 uoluntatem

683 3201 862 3248 nosse
906 3184 1194 3249 testatur.
1262 3185 1560 3269 professio
1612 3189 1825 3269 itaque
1870 3188 2192 3272 religionis
2235 3206 2360 3254 non
2403 3189 2609 3253 aufert
2655 3189 2943 3253 debitum

887 3371 954 3425 23
992 3370 1119 3425 Luc.
1158 3373 1240 3438 12,
1276 3373 1342 3426 47

787 3561 813 3613 1
853 3560 1067 3614 tunicas
1102 3559 1352 3615 habeatis
1389 3562 1471 3616 ed.
1497 3561 1771 3617 Baluzius
1966 3564 2000 3617 5
2037 3564 2120 3631 ut]
2160 3566 2213 3616 et
2249 3563 2305 3616 Β
2342 3564 2388 3617 si
2425 3564 2505 3619 ed.
2534 3564 2805 3620 Baluzius

684 3644 713 3697 7
768 3646 944 3699 multa
996 3647 1060 3699 ’ἱκη
1111 3648 1210 3713 fin.
1263 3647 1360 3701 lin.
1417 3647 1546 3701 add.
1582 3664 1651 3701 m.
1687 3652 1725 3703 2
1778 3650 1888 3702 sset
1932 3664 2072 3717 quae
2107 3649 2325 3703 eaedem
2362 3649 2465 3703 litt.
2504 3651 2666 3704 initio
2700 3666 2806 3719 seq.
2842 3652 2941 3706 lin.

681 3746 869 3785 erasae
903 3736 1036 3785 sunt
1067 3733 1122 3784 A
1176 3732 1433 3786 multaaeet
1467 3733 1521 3786 Β
1561 3733 1753 3798 (multo
1784 3732 1880 3786 fiet
1915 3734 1967 3799 b)
2145 3734 2211 3788 10
2246 3734 2680 3803 gelungentibus
2717 3735 2845 3790 add.
2881 3738 2944 3790 in

680 3832 791 3872 ras.
828 3818 880 3870 al
915 3834 983 3871 m.
1021 3820 1062 3872 2
1096 3817 1152 3872 A
1343 3836 1518 3887 pecu*
1557 3836 1699 3874 eras.
1737 3820 1849 3873 lum
1886 3820 1983 3875 sed
2016 3821 2097 3875 ita
2131 3826 2198 3875 ut
2231 3837 2348 3876 non
2375 3837 2609 3890 prorsus
2646 3823 2943 3877 euomuerit

681 3909 735 3958 et
768 3919 808 3957 8.
845 3919 948 3959 scr.
984 3921 1053 3958 m.
1089 3907 1130 3958 2
1185 3906 1343 3959 onnia
1388 3906 1442 3958 A
1497 3906 1688 3975 pedum
1727 3912 1922 3974 punct.
1972 3912 2024 3961 et
2067 3907 2133 3961 in
2178 3924 2282 3977 my.
2328 3907 2458 3962 add.
2496 3924 2563 3961 m.
2601 3924 2709 3962 rec.
2763 3924 2941 3975 peram

682 3989 738 4043 Β
791 4004 968 4057 peram
1015 3989 1096 4043 ed.
1147 3989 1417 4045 Baluzius
1467 3992 1681 4060 (pedum
1726 3992 1775 4054 b)
1988 3992 2053 4046 12
2106 3992 2369 4060 relinquit
2415 3999 2608 4062 ρωποι.
2656 4010 2691 4045 n
2749 3994 2804 4046 Β

683 4076 751 4131 15
784 4076 1089 4143 relinquant
1125 4075 1209 4130 ed.
1249 4077 1529 4131 Baluzius
1741 4078 1803 4131 16
1849 4077 1987 4131 hane
2024 4078 2404 4133 infidelitatem
2443 4079 2498 4132 Β
2704 4080 2773 4132 20
2819 4080 2943 4133 reli-

682 4160 859 4228 gionis
912 4162 1146 4230 professe
1200 4163 1256 4217 Β
1529 4164 1598 4216 22
1661 4162 1997 4218 arbitrantur
2056 4164 2137 4218 ed.
2192 4165 2467 4219 Baluziws
2522 4169 2685 4228 (certe
2736 4165 2804 4219 in
2857 4164 2940 4219 ed.

681 4250 902 4314 quarta)
1111 4246 1178 4301 25
1212 4249 1385 4300 omnis
1423 4264 1490 4302 ex
1524 4265 1706 4303 omnes
1743 4265 1879 4304 corr.
1916 4267 1985 4304 m.
2009 4254 2044 4306 2
2078 4250 2133 4304 Β
2342 4251 2409 4302 26
2445 4266 2499 4303 se
2535 4265 2635 4303 om.
2670 4250 2723 4303 Β
