3380 4919
1049 297 1125 352 de
1158 297 1430 367 gubern.
1465 298 1575 357 dei
1618 299 1708 359 VI.
1738 303 1769 365 5
1805 299 2024 355 66-73·
2535 303 2661 383 145

416 504 499 551 an
552 486 859 553 oredimus
914 485 1103 566 forte,
1174 486 1338 570 quod
1401 488 1722 566 antinus
1750 487 1975 559 animis
2040 492 2302 571 populus
2369 491 2476 558 ille
2531 508 2654 571 non

416 588 624 667 fuerit,
668 589 773 673 qui
816 588 1021 657 laetus
1061 590 1215 659 tune
1254 591 1322 655 in
1365 608 1621 659 suorum
1651 590 2123 673 captiuitatibus
2151 593 2321 669 fuit?
2365 595 2654 678 captiuus

416 692 596 757 eorde
624 696 707 758 et
746 710 937 759 sensu
989 712 1119 762 non
1167 695 1297 758 erat
1342 692 1448 775 qui
1505 693 1671 759 inter
1723 710 1975 760 suorum
2032 696 2341 777 supplicia
2384 696 2652 777 ridebat,

416 795 524 877 qni
565 794 842 880 iugulari
885 810 952 862 se
993 798 1060 863 in
1096 812 1358 866 suorum
1400 795 1631 880 iugulis
1679 813 1805 863 non
1860 797 2285 882 intellegebat,
2343 800 2451 882 qui
2491 799 2650 865 mori

371 926 398 967 ι
416 915 484 962 se
525 896 596 963 in
637 916 891 966 suorum
931 899 1238 967 mortibus
1292 916 1417 964 non
1472 899 1783 982 putabat?
1853 899 2079 984 fragor,
2122 906 2202 975 ut,
2236 904 2327 975 ita
2369 903 2650 983 dixerim,
2671 900 2772 985 ἰιι-ι

416 1003 605 1067 extra
640 1020 850 1067 muros
905 1004 969 1067 et
1020 1000 1186 1069 infra
1239 1019 1450 1069 muros
1506 1002 1883 1084 proeliorum
1938 1009 2001 1069 et
2056 1004 2449 1085 ludicrorum,
2508 1023 2650 1074 oon·

414 1104 792 1171 fundebatur
833 1123 954 1171 uox
1003 1105 1403 1172 morientium
1463 1123 1700 1188 noxque
1761 1106 2211 1186 bacchantium,
2255 1126 2330 1175 ae
2369 1108 2475 1175 uix
2518 1107 2651 1183 dis-

416 1207 582 1273 eerni
636 1207 911 1275 forsitan
951 1207 1198 1291 poterat
1238 1208 1436 1290 plebis
1479 1208 1795 1289 heiulati0,
1858 1227 2014 1292 quae
2054 1210 2313 1285 cadebat
2351 1213 2418 1279 in
2463 1210 2645 1288 bello,

416 1313 479 1375 et
520 1326 709 1376 sonus
760 1309 1013 1395 populi,
1052 1309 1160 1394 qui
1217 1310 1527 1378 clamabat
1580 1309 1643 1399 ιιι
1692 1310 1876 1378 eiroo.
1952 1312 2017 1375 et
2058 1331 2199 1385 eum
2244 1312 2397 1380 haee
2442 1313 2653 1383 omnia

351 1439 397 1478 ιο
413 1413 652 1487 fierent,
707 1413 854 1496 quid
892 1411 1082 1480 :aliud
1140 1412 1288 1479 talis
1343 1413 1607 1496 populus
1660 1416 1902 1496 agebat,
1959 1414 2082 1480 nisi
2150 1416 2225 1481 ut
2296 1434 2438 1483 eum
2501 1436 2645 1483 eum

412 1519 560 1582 deus
622 1519 873 1600 perdere
928 1516 1131 1583 adhue
1187 1517 1445 1581 fortasse
1499 1517 1717 1594 nollet,
1785 1519 1996 1583 tamen
2050 1518 2184 1598 ipse
2242 1518 2515 1601 exigeret
2574 1523 2649 1589 nt

414 1620 693 1701 periret?

495 1740 676 1806 ΧΙΠ.
719 1739 843 1806 Sed
886 1739 1033 1823 quid
1077 1757 1191 1823 ego
1236 1738 1452 1822 loquor
1480 1739 1558 1805 de
1587 1739 1771 1822 longe
1816 1739 2037 1821 positis
2082 1742 2148 1806 et
2190 1742 2366 1823 quasi
2409 1742 2475 1807 ιιι
2518 1741 2644 1807 alio
2663 1741 2753 1809 72

412 1844 555 1909 orbe
598 1842 926 1919 submotiS,
973 1860 1116 1907 cum
1160 1842 1356 1908 sciam
1398 1842 1586 1907 etiam
1625 1843 1694 1906 in
1724 1843 1856 1908 solo
1900 1844 2103 1925 patrio
2149 1845 2333 1926 atque
2375 1844 2442 1909 ιιι
2487 1844 2646 1911 eiui-

352 1966 394 2004 15
411 1944 649 2010 tatibus
694 1943 1035 2011 Gallicanis
1079 1962 1289 2015 omnes
1343 1944 1541 2010 ferme
1581 1945 2013 2026 praecelsiores
2057 1947 2221 2011 uiros
2266 1946 2647 2012 salamitati-
2719 1960 2768 2022 ᾤ

410 2049 524 2115 bus
588 2049 722 2113 suis
787 2048 980 2114 faetos
1038 2048 1226 2112 fuisse
1283 2046 1534 2130 peiores.
1607 2047 1744 2113 uidi
1787 2049 2095 2131 siquidem
2137 2067 2248 2132 ego
2295 2049 2642 2134 [Treueros]
2743 2075 2747 2079 ·

411 2153 538 2235 ipse
612 2153 891 2219 homines
967 2152 1134 2216 domi
1211 2150 1449 2217 nobiles
1527 2149 1836 2234 dignitate
1903 2152 2234 2230 sublimeS‚
2302 2153 2449 2218 lieet
2513 2153 2643 2217 iam

411 2254 707 2339 spoliatos
773 2257 960 2337 atque
1011 2254 1319 2330 uastatoS,
1382 2253 1589 2318 miuus
1647 2271 1893 2318 euersos
1954 2256 2164 2319 tamen
2226 2257 2408 2319 rebus
2454 2255 2646 2319 fuisse

412 2376 596 2440 quam
638 2356 946 2423 moribus:
1004 2356 1292 2438 quamuis
1337 2355 1506 2420 enim
1549 2355 1943 2437 depopulatis
1986 2357 2113 2419 iam
2160 2358 2345 2437 atque
2389 2357 2646 2421 nudatis

348 2481 395 2521 ιο
410 2461 643 2543 aliquid
709 2461 1031 2543 supererat
1095 2458 1171 2523 de
1237 2458 1604 2535 substantia,
1670 2457 1829 2523 nihil
1899 2459 2109 2524 autem
2167 2461 2242 2524 de
2296 2458 2641 2541 diseiplina.

413 2568 560 2630 adeo
625 2564 942 2648 grauiores
984 2562 1053 2626 in
1099 2565 1299 2628 semet
1361 2561 1575 2627 hostes
1641 2561 1910 2627 externis
1967 2562 2249 2627 hostibus
2308 2563 2503 2639 erant,
2571 2566 2645 2625 ut

406 2667 559 2733 *lieet
602 2686 641 2731 a
682 2667 961 2733 barbaris
1024 2666 1153 2730 iam
1219 2666 1415 2730 euersi
1481 2667 1698 2748 essent,
1764 2683 1803 2728 a
1843 2682 1911 2729 se
1954 2668 2165 2729 tamen
2222 2665 2423 2748 magis
2468 2682 2645 2729 euer-

411 2771 704 2835 terentur.
774 2769 1034 2854 lugubre
1094 2770 1189 2833 est
1244 2767 1473 2832 referre
1515 2785 1671 2850 quae
1717 2767 2009 2850 ιιιιιιιιιιιε,
2070 2786 2248 2833 senes
2291 2768 2642 2848 honoratos,
2663 2766 2748 2834 73

414 2873 752 2955 decrepitos
797 2870 1198 2950 Christianos»,
1255 2870 1621 2936 imminente
1664 2871 1997 2937 admodum
2040 2872 2167 2937 iam
2211 2870 2441 2937 exeidio
2486 2872 2637 2939 eiui·
2699 2887 2702 2890 ·
2751 2931 2756 2940 .

516 3161 543 3214 1
582 3160 820 3215 saluator
854 3158 1100 3228 captiuus
1136 3158 1193 3212 B
1225 3157 1322 3213 sed
1354 3156 1590 3211 saluatur
1625 3164 1885 3225 expuat.
2061 3159 2269 3214 animus
2304 3159 2359 3213 Β
2380 3175 2450 3215 m.
2475 3165 2509 3214 1

410 3248 444 3300 8
479 3246 699 3299 eiulatio
734 3246 789 3299 B
961 3243 1027 3297 15
1053 3259 1236 3298 omnes
1258 3243 1314 3296 B
1334 3257 1377 3295 s,
1402 3242 1438 3296 l.
1612 3241 1677 3295 16
1713 3242 1976 3312 siquidem
1997 3259 2096 3312 ego
2120 3246 2356 3298 treueros
2379 3245 2491 3312 ipse
2519 3243 2642 3313 (ipsi

412 3333 485 3401 A)
520 3332 631 3386 AB
683 3346 781 3399 ego
806 3330 1068 3400 siquidem
1091 3330 1326 3383 treueros
1361 3330 1475 3398 ipse
1513 3328 1566 3383 T
1572 3332 1597 3383 t
1649 3343 1748 3397 ego
1782 3329 1894 3397 ipse
1923 3330 2008 3397 (in
2029 3333 2222 3400 mam.)
2249 3327 2510 3398 siquidem
2534 3333 2645 3383 tre-

411 3405 560 3472 ueros
596 3419 754 3486 (erae.
779 3416 912 3485 ipse)
949 3415 1015 3470 in
1046 3431 1080 3470 v
1114 3414 1531 3483 Bra-ssimum„
1564 3412 1711 3481 ‘for-t.
1734 3414 1996 3484 siquidem
2018 3430 2134 3483 ego,
2169 3413 2359 3469 Treuir
2382 3414 2513 3483 ipse,
2547 3414 2644 3467 ho-

410 3504 594 3557 mines'
627 3502 915 3569 Halmius3
953 3500 1116 3569 (idem
1152 3499 1563 3555 Sita-Bedente
1596 3499 1646 3553 d.
1676 3500 1727 3553 k.
1754 3500 1802 3556 b.
1823 3498 2003 3554 Akad.
2027 3500 2080 3554 d.
2114 3500 2273 3556 Wiss.
2298 3503 2441 3555 1876
2456 3515 2515 3568 Ρ.
2538 3502 2644 3556 405

402 3593 797 3658 proposuerat.-
830 3588 1084 3641 Treuerus
1118 3586 1245 3655 ipse,
1274 3585 1544 3654 probante
1579 3585 1649 3639 E.
1685 3584 1973 3656 Ludwiqio
2007 3586 2072 3639 in
2107 3585 2316 3640 Jonaer
2349 3584 2465 3640 Lit.
2499 3585 2641 3641 Zeit.

409 3679 553 3729 1878
566 3690 625 3743 Ρ.
645 3677 764 3739 614)
776 3693 797 3739 ,·
832 3672 1086 3726 Treueros
1106 3670 1330 3726 undosis
1350 3669 1667 3725 §mmm
1689 3675 1915 3725 auctore
1937 3670 2212 3736 Hartelio,
2234 3672 2330 3739 qm·
2352 3671 2643 3726 rectissime

409 3762 621 3817 monuit
635 3776 835 3815 nomen
851 3759 1004 3813 wrbie
1019 3758 1109 3812 uel
1125 3758 1433 3813 incolarum
1446 3757 1537 3813 hie
1551 3772 1721 3824 aeque
1735 3757 2128 3825 interpolatim
2141 3773 2255 3812 esse
2271 3763 2433 3826 atque
2440 3774 2502 3827 Ρ.
2520 3762 2640 3824 146,

408 3850 483 3902 12
504 3846 700 3901 Treuer
710 3865 726 3911 ς
753 3844 1087 3899 &ludunum
1107 3857 1308 3902 nomen
1328 3841 1561 3897 tacuisse
1580 3841 1720 3896 satis
1736 3857 2008 3911 apparere
2031 3857 2098 3896 ex
2119 3843 2300 3898 uerbis
2315 3858 2376 3911 Ρ.
2394 3846 2515 3907 146,
2542 3847 2639 3899 12:

409 3934 716 4001 promptum
750 3932 834 3983 est
862 3928 926 3983 de
950 3943 1055 3997 qua
1078 3926 1252 3981 dieam
1276 3929 1535 3994 (ceterum
1557 3927 1617 3980 in
1643 3926 1697 3981 Τ
1713 3944 1875 3998 mar-9.
1903 3927 2076 3983 adeor.
2100 3934 2230 3984 eunt
2252 3945 2318 3986 m.
2346 3945 2451 3983 rec.
2476 3930 2641 3985 haec.-

410 4018 510 4074 Hio
546 4018 819 4076 Siluianus
858 4015 976 4092 (sie)
1011 4012 1251 4067 Gallicus
1286 4013 1603 4069 treuerensis
1638 4012 1767 4078 fuit)
1961 4014 2026 4067 17
2061 4013 2413 4070 dominabiles
2447 4015 2505 4068 A

408 4131 471 4185 21
508 4133 620 4185 erat
655 4130 698 4183 Τ
734 4128 850 4197 (sie)
887 4127 942 4181 Α.
992 4125 1111 4195 (qui
1147 4125 1191 4178 T
1227 4124 1438 4184 addidit
1478 4123 1657 4182 uehit
1688 4125 1917 4180 embere
1951 4114 2000 4184 ff
2033 4148 2103 4173 =
2134 4128 2219 4196 nt)
2424 4127 2493 4181 22
2528 4127 2641 4184 iam

409 4241 440 4279 a
472 4223 712 4278 barbaris
745 4223 875 4291 (iam
908 4221 1110 4278 iterum
1141 4237 1212 4282 m,
1245 4223 1307 4287 2)
1344 4220 1400 4276 B
1599 4220 1668 4275 23
1702 4219 1962 4290 lugubrae
1986 4225 2182 4291 punct.
2217 4236 2251 4275 a
2284 4222 2340 4276 Δ

506 4326 663 4381 VIII.
2363 4325 2431 4377 10
