3380 4919
1014 311 1087 365 de
1120 312 1394 381 gubern.
1430 311 1535 366 dei
1578 309 1686 365 VII
1731 312 1762 379 §
1802 310 2018 365 15-20.
2522 312 2637 377 161

395 505 601 569 latum
647 522 721 569 ac
765 503 1013 568 saluum
1062 520 1180 567 non
1224 502 1412 569 habet
1455 521 1568 567 nec
1612 501 1873 568 dominii
1918 501 2161 566 saluum
2209 500 2421 565 habet.
2476 501 2640 565 haud

389 608 590 673 multo
645 609 808 671 enim
872 608 1161 671 matrona
1217 606 1395 671 abest
1463 622 1500 670 a
1556 604 1808 669 uilitate
1866 621 2219 681 seruatum,
2292 603 2400 667 ubi
2457 605 2638 684 pater

388 710 663 776 familias
734 710 1109 774 ancillarum
1176 710 1441 774 maritus
1500 713 1645 774 est„
1709 708 1848 790 quis
1906 712 2115 772 autem
2179 708 2635 789 Aquitanorum
2664 716 2743 783 18

388 813 658 878 diuitum
703 831 828 878 non
872 814 988 879 hoc
1032 813 1200 878 fuit?
1247 830 1430 895 quem
1475 831 1600 877 non
1645 811 1770 877 sibi
1816 811 2079 876 ancillae
2111 810 2637 893 impudicissimae

349 922 496 988 saut
564 917 919 982 adulterum
988 918 1097 981 aut
1169 915 1471 981 maritum
1544 917 1679 979 iure
1756 914 2112 981 duxerunt?
2184 916 2364 998 equi
2439 916 2639 979 enim

387 1021 820 1097 emissarii,
890 1021 962 1084 ut
1020 1018 1322 1102 propheta
1367 1020 1484 1093 ait,
1553 1021 1634 1084 in
1703 1017 2038 1083 feminas
2104 1018 2309 1084 facti
2379 1020 2638 1084 erant:

385 1125 920 1206 unusquisque
997 1122 1084 1186 ad
1173 1138 1488 1186 uxorem
1573 1122 1909 1203 proximi
1989 1122 2109 1186 sui
2198 1121 2639 1189 hinniebat.

385 1231 569 1313 atque
614 1227 728 1305 illi,
777 1229 853 1292 de
896 1225 1121 1308 quibus
1169 1225 1318 1289 haec
1360 1225 1595 1309 scripta
1638 1223 1929 1309 legimuS‚
1988 1228 2052 1290 et
2095 1225 2331 1290 minore
2377 1227 2640 1291 fortasse

387 1332 643 1405 crimine
690 1334 755 1395 et
813 1330 1072 1407 minore,
1134 1333 1205 1394 ut
1250 1347 1404 1408 reor,
1463 1346 1723 1394 numero
1780 1328 2109 1393 criminum
2157 1348 2229 1395 ac
2273 1330 2640 1412 passiuitate

325 1469 370 1508 10
384 1435 743 1519 peccabant.
817 1433 884 1497 hi
943 1432 1156 1497 autem
1217 1451 1362 1497 uere
1408 1434 1482 1498 ut
1527 1433 1832 1497 emissarii
1895 1431 2037 1514 equi
2099 1450 2222 1497 non
2268 1433 2345 1496 ad
2405 1451 2637 1516 paucas

384 1540 653 1620 tantum,
715 1536 824 1601 sed
882 1555 1074 1619 paene
1121 1537 1203 1601 ad
1249 1554 1462 1600 omnes
1523 1534 1819 1600 uernulas
1862 1553 2025 1615 suas,
2085 1535 2152 1601 id
2198 1541 2294 1600 est
2340 1538 2516 1619 quasi
2560 1542 2634 1603 ad

386 1659 605 1725 greges
651 1643 932 1723 proprios
979 1640 1353 1705 hinniebant
1397 1641 1460 1705 et
1505 1640 1568 1704 in
1614 1656 1851 1704 morem
1899 1657 2109 1704 eorum
2156 1641 2481 1722 pecudum,
2530 1642 2638 1723 qui

386 1744 598 1810 mariti
661 1762 922 1828 gregum
983 1736 1399 1825 appellantur,
1469 1743 1746 1808 feruidae
1803 1742 2085 1808 libidinis
2153 1743 2638 1809 debacchatione

384 1848 756 1931 grassantes,
816 1847 881 1912 in
926 1865 1382 1929 quamcumque
1436 1865 1540 1913 eos
1585 1848 1863 1929 primum
1908 1847 2208 1913 feminam
2251 1851 2471 1914 ardens
2516 1849 2638 1914 im-

326 1986 372 2028 15
384 1950 718 2036 pudicitiae
776 1950 949 2015 furor
1003 1954 1275 2015 traxerat
1340 1952 1696 2018 inruebant.
1767 1950 1871 2015 hic
1925 1952 2052 2015 iam
2110 1970 2336 2035 quaero
2397 1970 2435 2017 a
2477 1954 2641 2038 sapi·
2667 1960 2744 2024 19

386 2053 655 2134 entibuS‚
702 2072 846 2118 cum
891 2054 1041 2119 haec
1072 2055 1163 2119 ita
1193 2058 1420 2138 essent,
1465 2056 1677 2138 quales
1707 2056 1932 2139 putent
1962 2055 2153 2121 fuisse
2183 2056 2315 2121 illic
2347 2056 2637 2137 familiaS‚

383 2158 492 2223 ubi
535 2159 701 2223 tales
746 2161 926 2222 erant
969 2160 1176 2241 patres
1221 2158 1536 2224 familias?
1603 2163 1904 2243 quantam
1958 2176 2277 2224 seruorum
2321 2158 2455 2223 illic
2500 2177 2641 2224 cor-

385 2262 731 2343 ruptelam,
801 2262 908 2327 ubi
976 2262 1371 2327 dominorum
1439 2266 1618 2327 tanta
1664 2262 2042 2344 corruptio?
2116 2261 2400 2327 morbido
2470 2262 2637 2327 enim

387 2367 591 2446 capite
637 2365 726 2429 nil
771 2382 989 2429 sanum
1049 2367 1162 2442 est,
1222 2382 1419 2455 nequ-e
1473 2366 1680 2430 ullum
1734 2365 1983 2428 omnino
2031 2364 2384 2428 membrum
2430 2364 2638 2429 officio

326 2486 497 2538 ”suo
556 2469 865 2551 fungitur,
921 2469 1030 2534 ubi
1090 2469 1253 2553 quod
1300 2473 1393 2534 est
1451 2470 1795 2552 principale
1840 2486 1962 2534 non
2008 2471 2262 2534 constat.
2341 2468 2408 2533 in
2454 2468 2634 2533 domo

388 2574 596 2637 autem
640 2591 753 2637 sua
797 2572 1087 2637 dominus
1142 2565 1322 2655 quasi
1383 2574 1650 2655 corporis
1698 2573 1796 2637 sui
1842 2573 2030 2655 caput
2076 2576 2170 2637 est
2216 2578 2279 2638 et
2323 2572 2460 2637 uita
2505 2572 2637 2637 eius

389 2676 626 2742 cunctis
670 2693 888 2741 norma
930 2675 1201 2740 uiuendi.
1281 2675 1746 2758 pessimumque
1792 2675 1908 2741 hoc
1953 2677 2048 2741 est
2093 2677 2158 2741 in
2204 2676 2320 2741 hoc
2366 2675 2635 2758 negoti0‚

387 2779 546 2861 quod
591 2779 892 2844 libentius
938 2797 1148 2844 omnes
1194 2778 1506 2844 deteriora
1550 2780 1883 2858 sectantur,
1932 2781 1997 2844 et
2043 2779 2286 2845 facilius
2332 2780 2498 2845 mala
2542 2780 2636 2843 in-

388 2883 633 2948 stitutio
696 2881 997 2964 deprauat
1061 2881 1253 2946 bonos
1323 2900 1509 2964 quam
1583 2884 1745 2947 bona
1810 2883 2102 2947 emendat
2170 2883 2382 2948 malos.
2459 2900 2638 2964 porro
2661 2889 2746 2954 20

329 3008 376 3049 ιε
389 2989 598 3049 autem
642 3002 783 3049 cum
831 2984 1020 3049 etiam
1064 2985 1211 3050 boni
1268 2985 1453 3067 atque
1509 2984 1756 3050 honesti
1803 2989 2010 3067 patres
2056 2987 2332 3052 familias*
2371 2987 2638 3053 famulos

393 3087 579 3153 bonos
625 3087 825 3152 facere
869 3104 990 3152 non
1035 3086 1297 3168 possint,
1346 3093 1644 3168 quantam
1689 3087 1822 3153 illic
1866 3092 2158 3170 putamus
2205 3090 2394 3154 fuisse
2423 3091 2643 3178 ‘labem

390 3191 793 3263 familiarum,
842 3192 948 3255 ubi
994 3190 1232 3256 domini
1279 3195 1454 3256 erant
1484 3189 1872 3273 impuritatis
1901 3192 2252 3274 exemplum
2274 3196 2307 3257 Ρ
2352 3194 2638 3275 quamuis
2689 3245 2690 3248 η

390 3312 507 3359 non
573 3293 926 3373 exemplum
989 3292 1126 3357 illic
1190 3292 1622 3357 tantummodo
1688 3294 1928 3357 malum
1983 3292 2194 3373 fuerit,
2262 3294 2369 3358 sed
2427 3296 2524 3358 uis
2568 3312 2640 3359 ac

338 3442 351 3458 .
390 3396 722 3464 necessitas
752 3398 1075 3478 quaedam,
1113 3394 1259 3478 quia
1287 3414 1505 3477 parere
1535 3395 2045 3477 impudicissimis
2072 3397 2338 3461 dominis
2364 3396 2637 3462 famulae

322 3524 373 3565 30
391 3497 769 3586 cogebantur
840 3499 1080 3564 inuitae
1143 3502 1206 3563 et
1277 3499 1474 3564 libido
1549 3499 2015 3569 dominantium
2089 3500 2424 3565 necessitas
2485 3500 2638 3564 sub·

591 3672 625 3725 5
669 3670 903 3725 Hier-em.
938 3671 988 3735 5,
1023 3671 1059 3724 8

489 3828 515 3881 1
555 3830 652 3880 aut
685 3844 726 3881 s.
765 3843 798 3879 a
831 3843 937 3883 scr.
972 3826 1026 3880 H
1063 3832 1116 3882 et
1149 3843 1191 3881 s.
1227 3829 1255 3880 t
1287 3843 1392 3882 scr.
1428 3827 1461 3881 d
1496 3844 1565 3881 m.
1602 3830 1643 3882 2
1676 3827 1733 3880 A
1778 3826 1915 3881 haut
1951 3827 2008 3881 B
2228 3830 2262 3882 2
2298 3828 2449 3883 abest
2484 3830 2534 3900 a]
2572 3829 2641 3884 ab

385 3909 493 3965 ista
525 3912 582 3965 A
764 3914 800 3967 3
832 3912 1072 3967 familiae
1105 3929 1272 3981 super
1306 3929 1334 3967 e
1367 3929 1473 3969 scr.
1511 3930 1537 3967 s
1572 3931 1640 3968 m.
1666 3917 1703 3968 2
1737 3914 1792 3966 A
1974 3913 2012 3968 4
2045 3912 2169 3983 sibi]
2207 3914 2286 3968 ibi
2322 3916 2643 3984 suspicatur

386 3996 704 4065 Hmelius;
754 3999 888 4065 fort.
933 3998 1090 4055 scrib.
1126 3998 1242 4053 illic
1276 4004 1340 4053 ut
1374 3999 1539 4066 infra
1571 4018 1627 4054 u.
1664 4004 1749 4053 16.
1787 4001 1871 4054 17.
1910 4002 1999 4055 26.
2036 4002 2114 4054 28
2273 4005 2278 4030 ³
2318 4002 2352 4055 5
2396 4000 2643 4055 dixerunt

386 4080 440 4133 B
621 4085 655 4136 6
690 4084 957 4138 amissarii
990 4084 1047 4137 A
1227 4084 1258 4137 7
1296 4084 1384 4155 ad]
1421 4086 1565 4139 enim
1600 4084 1668 4139 ad
1703 4084 1760 4138 B
1949 4084 2011 4137 17
2048 4087 2327 4154 quanta—
2344 4087 2644 4155 corruptela

386 4168 440 4221 B
644 4170 709 4224 21
764 4186 870 4239 qua
910 4186 952 4225 ε.
986 4186 1089 4225 scr.
1122 4188 1191 4225 m.
1221 4174 1255 4224 1
1288 4172 1336 4224 si
1370 4171 1426 4226 A
1632 4172 1705 4226 22
1756 4173 1839 4225 est
1872 4171 1971 4227 hoc
2014 4172 2071 4226 B
2272 4173 2342 4227 24
2398 4173 2643 4227 emendet

386 4254 440 4307 B
644 4256 714 4310 25
748 4258 928 4325 patres
964 4256 1205 4311 familiae
1241 4257 1297 4310 A

487 4358 642 4413 VIII.
2375 4362 2435 4415 11
