3380 4919
1020 322 1092 376 de
1127 324 1398 392 gubern.
1434 324 1540 377 dei
1587 324 1695 379 VII
1734 330 1764 390 ξ
1801 326 2024 380 62-69.
2519 329 2645 395 177

393 529 605 578 rarum
636 516 733 577 est
765 532 837 578 30
866 532 1095 579 1101111111
1130 533 1316 597 quam
1352 532 1565 579 rarum
1593 513 1792 578 uideri
1816 515 2024 595 potest
2053 515 2395 596 quemlibet
2420 517 2651 586 Gaium

393 634 517 680 non
564 634 698 680 esse
733 616 962 684 Gaium
1006 617 1116 681 aut
1159 635 1609 699 quemcumque
1641 614 1852 681 Seium
1897 634 2020 681 non
2066 635 2195 683 esse
2231 617 2460 684 Seium.
2515 621 2650 686 tam

392 718 750 801 infrequens
796 720 962 784 enim
1009 722 1103 784 est
1158 720 1274 786 hoc
1332 721 1395 784 et
1450 719 1822 786 inusitatum
1843 770 1858 800 ‚
1918 720 2303 803 impudicum
2347 740 2471 786 non
2518 741 2652 787 0330

388 822 648 902 Afrum,
707 840 894 904 quam
950 839 1182 886 nouum
1238 822 1302 887 et
1357 822 1711 887 inauditum
1755 821 1984 889 Afrum
2039 842 2161 889 non
2220 841 2351 889 esse
2395 824 2646 890 Afrum.

346 925 482 992 sita
526 927 693 990 enim
739 926 1027 1009 generale
1072 925 1139 990 iu
1186 926 1275 990 eis
1304 926 1544 991 malum
1573 924 1962 1010 impuritatis
2008 928 2125 1006 est,
2171 932 2244 993 ut
2271 928 2649 1012 quicumque

391 1047 463 1093 ex
509 1029 599 1093 eis
657 1028 1010 1110 impudicus
1067 1048 1198 1094 esse
1257 1029 1544 1112 desierit,
1591 1028 1745 1095 Afer
1791 1049 1915 1096 non
1969 1048 2103 1095 esse
2150 1032 2458 1097 uideatur.
2534 1050 2651 1097 nec

390 1132 738 1197 discurram
782 1150 891 1214 per
933 1130 1071 1205 loca
1113 1132 1364 1215 singula
1409 1133 1520 1196 aut
1564 1135 1822 1197 cunctas
1856 1133 2188 1199 discutiam
2222 1135 2523 1216 ciuitateS‚
2571 1155 2649 1200 ne

391 1235 670 1300 studiose
714 1232 934 1299 uidear
978 1251 1273 1316 quaerere
1331 1236 1516 1317 atque
1571 1236 1956 1318 inuestigare
2014 1255 2170 1318 quae
2225 1238 2447 1303 dicam.
2521 1257 2649 1303 una
2668 1244 2749 1310 67

388 1339 639 1404 tantum
683 1339 1118 1404 uniuersarum
1161 1336 1299 1401 11110
1339 1337 1590 1403 urbium
1632 1338 1912 1420 principe
1958 1340 2022 1403 et
2066 1340 2240 1421 quasi
2271 1343 2473 1406 matre
2504 1359 2649 1406 con-

321 1471 371 1511 10
389 1444 601 1508 tentus
632 1460 792 1520 sum,
838 1441 955 1506 illa
984 1442 1220 1520 scilicet
1247 1441 1544 1506 Romanis
1574 1440 1820 1507 arcibus
1865 1460 2110 1524 semper
2140 1444 2407 1524 aemula,
2455 1446 2646 1509 armis

389 1546 703 1628 quondam
747 1544 812 1608 et
855 1544 1250 1623 fortitudine,
1305 1546 1446 1627 post
1491 1544 1818 1625 splendore
1863 1562 1935 1608 30
1977 1545 2308 1627 dignitate.
2381 1546 2644 1613 Cartha-

388 1650 599 1733 ginem
642 1649 776 1714 dico
820 1650 885 1712 et
928 1648 1070 1713 urbi
1101 1648 1337 1712 Romae
1381 1648 1654 1712 maxime
1686 1647 2111 1713 aduersariam
2147 1648 2209 1713 et
2253 1649 2318 1714 in
2349 1649 2645 1715 Africano

389 1755 533 1818 orbe
563 1754 738 1834 quasi
762 1751 1056 1816 Romam:
1091 1769 1248 1833 quae
1281 1751 1439 1815 mihi
1468 1749 1610 1815 ideo
1641 1751 1710 1815 in
1735 1752 2086 1833 exemplum
2111 1769 2185 1817 ac
2214 1752 2649 1818 testimonium

389 1860 519 1923 sola
564 1856 814 1934 sufficit,
862 1855 1010 1937 quia
1037 1857 1333 1920 uniuersa
1361 1855 1629 1937 penitus,
1678 1855 1903 1937 quibus
1948 1856 2013 1919 in
2059 1857 2192 1921 toto
2236 1858 2469 1921 mundo
2515 1857 2647 1921 dis-

323 1960 624 2043 15clp11na
667 1959 760 2023 rei
803 1958 1089 2040 publicae
1135 1960 1240 2023 uel
1283 1960 1652 2041 procuratur
1698 1959 1801 2023 uel
1844 1960 2114 2042 regitur,
2172 1956 2239 2022 in
2292 1977 2358 2023 se
2401 1960 2642 2026 habuit

389 2064 523 2129 illic
553 2062 723 2127 enim
753 2062 962 2127 omnia
992 2061 1339 2127 officiorum
1371 2063 1762 2144 publicorum
1792 2061 2215 2126 iustrumenta
2244 2062 2380 2126 11110
2412 2061 2646 2128 artium
2666 2067 2762 2145 681

387 2166 743 2232 liberalium
787 2165 991 2229 scolae
1035 2164 1170 2229 11110
1213 2164 1725 2248 philosophorum
1771 2164 2055 2229 officinae
2109 2167 2334 2229 cuncta
2379 2165 2643 2246 denique

389 2271 490 2334 uel
531 2270 896 2350 linguarum
938 2267 1265 2351 gymnasia
1308 2268 1411 2331 uel
1442 2286 1717 2333 morum:
1762 2265 1895 2333 illic
1939 2286 2181 2350 quoque
2212 2268 2402 2332 etiam
2433 2269 2643 2349 copiae

387 2373 700 2437 militares
757 2374 821 2436 et
874 2373 1160 2455 regentes
1217 2370 1516 2435 militiam
1575 2372 1919 2452 potestates
1962 2370 2098 2434 illic
2142 2370 2335 2434 honor
2386 2388 2642 2453 procon-

324 2501 372 2542 20
389 2477 612 2543 sularis
669 2477 800 2542 illic
856 2478 1039 2540 iudex
1102 2475 1451 2540 cotidianus
1513 2477 1575 2538 et
1631 2474 1866 2557 rector,
1934 2475 2238 2555 quantum
2297 2474 2374 2538 ad
2418 2492 2642 2539 nomen

389 2582 641 2665 quidem
697 2578 1059 2661 proconsul,
1128 2581 1234 2643 sed
1288 2579 1591 2660 quantum
1647 2577 1729 2641 ad
1786 2576 2133 2659 potentiam
2191 2578 2439 2642 consul:
2508 2577 2643 2643 illic

390 2683 653 2765 denique
700 2700 911 2747 omnes
955 2700 1163 2746 rerum
1197 2682 1653 2764 dispensatores
1699 2682 1762 2745 et
1797 2679 2149 2745 differentes
2191 2682 2356 2745 inter
2398 2700 2462 2746 se
2506 2679 2642 2745 tam

390 2787 586 2872 gradu
631 2803 819 2868 quam
861 2784 1163 2851 uocabulo
1209 2783 1565 2869 dignitateS,
1612 2784 1913 2867 omnium,
1957 2785 2030 2848 ut
2072 2784 2166 2849 ita
2210 2783 2414 2849 dicam
2434 2834 2449 2863 ‚
2503 2783 2641 2865 pla-

387 2892 631 2956 tearum
663 2890 728 2954 et
759 2892 1186 2971 compotorum
1216 2889 1665 2972 procuratores,
1713 2888 1937 2953 cuncta
1967 2887 2164 2953 ferme
2200 2889 2263 2953 et
2305 2888 2440 2952 loca
2470 2889 2642 2953 urbis

326 3014 374 3055 25
392 2995 456 3058 et
483 2995 765 3060 membra
793 2993 1010 3075 populi
1042 2992 1479 3076 gubernantes.
1511 2992 1627 3056 hac
1655 3009 1800 3074 ergo
1832 2994 2080 3057 tantum
2111 2991 2382 3057 contenti
2428 3010 2642 3057 sumus
2663 2991 2747 3057 69

389 3096 468 3161 ad
514 3096 865 3178 exemplum
912 3114 984 3160 30
1028 3096 1461 3161 testimonium
1506 3100 1872 3172 ceterarum,
1919 3096 1991 3159 ut
2032 3096 2474 3179 intellegamus
2519 3096 2639 3159 sci-
2745 3083 2756 3134 Γ

388 3199 538 3265 11001,
595 3202 812 3282 quales
868 3199 1015 3264 illae
1068 3199 1305 3264 fuerint
1365 3198 1683 3279 ciuitateS‚
1753 3216 1907 3279 quae
1965 3201 2232 3264 minores
2285 3197 2641 3263 habuerunt

492 3507 518 3559 1
557 3503 791 3558 Gaiuum
824 3504 880 3557 A
913 3510 1147 3574 utroque
1182 3504 1320 3569 loco,
1371 3509 1512 3573 gaufi
1548 3510 1599 3560 et
1636 3504 1859 3574 gauium
1896 3504 1952 3557 B
2145 3503 2179 3557 2
2216 3503 2415 3572 Seium]
2454 3518 2638 3556 seuum

387 3597 443 3650 B
475 3604 709 3666 utroque
746 3599 859 3652 loco
1064 3598 1098 3652 3
1139 3600 1222 3653 est
1258 3597 1399 3652 enim
1435 3599 1492 3652 B
1696 3597 1730 3651 8
1766 3596 2003 3654 studiose
2039 3611 2108 3651 ex
2143 3595 2374 3650 studiosi
2408 3596 2464 3649 A
2499 3611 2637 3650 corr.

385 3708 454 3745 m.
487 3695 528 3746 2
770 3694 832 3746 11
883 3692 1215 3761 splendorem
1251 3696 1308 3748 et
1340 3691 1667 3760 dignitatem
1701 3692 1907 3759 AB(T
1914 3695 1997 3757 tv)
2054 3689 2332 3759 splendore
2368 3693 2423 3744 et
2458 3688 2639 3759 digni-

387 3789 501 3840 tate
537 3786 658 3841 edd.
868 3786 932 3840 12
965 3784 1087 3840 urbi
1125 3802 1195 3841 ex
1230 3786 1360 3841 urbe
1394 3785 1450 3838 A
1483 3801 1624 3841 corr.
1660 3802 1731 3840 m.
1766 3787 1807 3839 2
2010 3784 2269 3838 maximae
2304 3800 2372 3839 ex
2405 3784 2638 3839 maxima

384 3881 441 3934 A
472 3886 608 3936 mut.
644 3897 713 3935 m.
748 3884 810 3947 2,
861 3882 1007 3935 idem
1041 3882 1228 3936 statim
1262 3882 1388 3935 orbe
1425 3896 1494 3935 ex
1526 3882 1658 3935 urbe
1866 3879 1932 3934 16
1984 3878 2100 3937 iuis
2151 3894 2319 3947 super
2373 3895 2399 3932 s
2450 3894 2554 3933 scr.
2610 3895 2641 3932 0

383 3992 451 4029 m.
487 3978 528 4030 2
579 3980 636 4027 A
842 3976 906 4028 17
951 3973 1402 4044 phylosophorum
1448 3975 1504 4029 A
1555 3971 1953 4045 phylosoforum
1996 3973 2052 4027 B
2183 3979 2188 3980 ’
2247 3972 2328 4026 ;18
2363 3973 2637 4042 gimnasia

381 4071 438 4123 A
483 4069 574 4138 (de
619 4070 925 4139 linguarum
977 4069 1047 4135 cf.
1086 4068 1161 4122 ad
1190 4070 1374 4136 praef.
1411 4072 1462 4138 1)
1675 4070 1740 4123 19
1790 4068 2054 4122 militares
2111 4083 2179 4122 cx
2232 4068 2335 4122 -ris
2386 4069 2443 4121 A
2497 4083 2635 4122 corr.

383 4181 451 4218 m.
487 4169 520 4217 1
733 4162 802 4216 20
837 4163 1136 4217 cotidianus
1172 4163 1326 4217 iudex
1359 4163 1415 4216 B
1637 4164 1710 4218 24
1756 4165 2110 4232 comp&orum
2157 4164 2213 4217 A
2266 4166 2637 4232 competorum

384 4258 440 4311 B
475 4259 546 4325 cf.
584 4258 766 4318 India
805 4258 927 4311 ΙΙΙ
1126 4258 1192 4313 27
1225 4257 1530 4317 habuerunt
1567 4258 1621 4312 B
1656 4275 1798 4314 corr.
1836 4275 1903 4314 em
1936 4259 2156 4313 fuerunt

484 4361 642 4416 VIII.
745 4433 755 4448 .
2362 4362 2426 4414 12
