3380 4919
662 302 747 368 22
1636 298 1952 354 Saluiani

665 491 908 574 Moyses
969 490 1159 556 uerba
1214 488 1431 574 populi
1477 489 1557 553 ad
1602 487 1948 564 dominum,
2006 487 2232 569 dixerit
2280 491 2337 553 ei
2384 488 2706 555 dominus:
2765 491 2914 557 iam

664 611 864 658 nunc
908 593 1217 658 ueniam
1262 591 1351 656 ad
1394 593 1469 658 te
1516 592 1592 656 in
1639 591 1993 676 caligine
2038 593 2309 671 nubis,
2358 594 2446 656 ut
2491 594 2759 659 audiat
2804 611 2916 658 me

638 695 995 777 populus
1037 696 1498 778 loquentem
1545 692 1638 759 ad
1682 693 1781 758 te.
1852 697 1914 759 et
1957 694 2142 776 paulo
2188 698 2354 777 post:
2428 713 2643 778 ecce,
2685 695 2913 778 inquit,

662 799 1094 881 coeperunt
1167 796 1426 863 audiri
1498 795 1870 864 tonitrua
1943 814 2025 861 ac
2096 799 2384 863 micare
2450 798 2774 882 fulgura
2833 802 2915 863 et

642 902 903 967 -nubes
968 899 1442 966 densissima
1507 901 1815 983 operire
1880 903 2242 966 montem.
2321 904 2384 964 et
2450 901 2715 966 iterum:
2792 900 2915 966 de·
2958 925 2987 966 5

661 1004 1124 1085 scanditque
1192 1000 1554 1067 dominus
1630 1020 1872 1085 super
1936 1005 2281 1068 montem
2349 1001 2536 1068 Sina
2601 1004 2677 1068 in
2743 1005 2913 1084 ipso

658 1106 950 1172 montis
1021 1105 1356 1171 uertice.
1461 1124 1534 1172 ac
1610 1103 1942 1188 deincepsz
2030 1105 2672 1188 loquebaturque
2746 1123 2914 1191 cum

657 1209 920 1293 Moyse
967 1207 1445 1275 uidentibus
1500 1207 1941 1291 uniuersis,
2005 1208 2199 1289 quod
2262 1209 2625 1274 columna
2672 1208 2911 1274 nubis

657 1311 748 1376 ad
816 1311 1111 1377 ostium
1179 1315 1434 1377 staret
1500 1311 2048 1392 tabernaculi‚·
2108 1312 2584 1392 stabantque
2644 1313 2718 1375 et
2761 1313 2912 1395 ipsi

657 1418 730 1478 et
805 1414 1244 1481 adorabant
1314 1436 1450 1499 per
1523 1414 1735 1481 fores
1808 1414 2505 1481 tabernaculorum
2579 1433 2910 1483 suorum.
2932 1438 2986 1479 10

632 1516 1132 1598 loquebatur
1205 1519 1559 1585 dominus
1634 1519 1726 1583 ad
1791 1519 2107 1600 Moysen
2177 1518 2385 1583 facie
2451 1519 2538 1583 ad
2606 1518 2909 1602 faciem,

634 1621 866 1686 sicut
923 1620 1139 1704 loqui
1200 1620 1408 1687 solet
1462 1621 1681 1686 homo
1737 1620 1826 1686 ad
1883 1621 2216 1685 amicum
2260 1639 2496 1686 suum.
2565 1639 2720 1703 quae
2767 1640 2910 1687 cum

656 1723 748 1787 ita
808 1723 970 1802 sint,
1038 1727 1391 1789 uideturne¹
1423 1723 1663 1788 habere*
1707 1724 1976 1787 hominis
2023 1742 2238 1791 curam
2283 1726 2465 1801 deuS,
2534 1723 2687 1788 haec
2731 1726 2909 1788 tanta

656 1824 958 1902 tribuens,
1001 1826 1150 1891 haec
1193 1827 1376 1890 tanta
1418 1828 1761 1908 praestans,
1808 1826 2183 1908 participem
2227 1825 2528 1891 sermonis
2573 1826 2672 1896 sui
2718 1826 2909 1890 uilem

655 1928 1123 1993 homunculum·
1149 1928 1382 1994 faciens
1413 1931 1493 1997 ,et
1539 1928 1720 2010 quasi
1765 1927 1831 1993 in
1879 1930 2259 1994 consortium
2304 1947 2515 1995 sacrae
2558 1928 2909 1994 sodalitatis
2927 1951 2976 1991 ιε

654 2030 1028 2111 admittens,
1094 2032 1377 2111 aperiens
1435 2030 1492 2096 ei
1552 2030 1768 2112 plenas
1816 2029 2082 2099 diuitiis
2142 2031 2601 2097 immortalibus
2667 2031 2908 2115 palmas

653 2152 812 2215 suas,
865 2132 1038 2198 alens
1083 2151 1184 2198 eos
1230 2134 1499 2199 nectaris
1546 2134 1788 2215 pocu10,
1833 2151 2090 2215 pascens
2135 2134 2390 2200 caelesti
2436 2134 2573 2200 cibo
2593 2134 2625 2200 Ρ
2699 2153 2905 2219 quam,

632 2253 833 2319 eroge,
862 2290 865 2301 .
898 2235 1200 2305 maiorem
1259 2236 1347 2302 eis
1407 2236 1818 2321 gubernaculi
1878 2240 1974 2303 sui
2030 2239 2346 2319 praestare
2406 2255 2660 2317 curam‚-
2721 2257 2908 2321 quem

652 2340 952 2406 maiorem
1008 2341 1319 2423 praestare
1379 2341 1584 2423 potuit
1628 2340 1952 2421 affectum,
2016 2360 2202 2424 quam
2253 2343 2326 2405 ut
2372 2359 2515 2408 cum
2559 2341 2905 2426 praesentis

653 2442 886 2511 saeculi
936 2442 1140 2510 uitam
1191 2433 1463 2529 agerent,
1509 2445 1782 2526 speciem
1813 2444 1938 2510 iam
1982 2443 2229 2510 futurae
2259 2443 2675 2511 beatitudinis
2710 2445 2906 2529 possi·
2924 2472 2975 2513 πο

652 2546 910 2612 derant?

545 2658 632 2725 45
738 2650 821 2715 X.
867 2648 987 2715 Sed
1034 2651 1476 2733 respondeatur
1518 2651 1677 2716 forte
1725 2651 1843 2715 hoc
1883 2653 2039 2729 loco,
2085 2650 2379 2716 habuisse
2409 2650 2718 2733 quondam
2747 2649 2904 2713 hanc

652 2752 977 2818 hominum
1006 2805 1009 2808 ,
1035 2770 1246 2818 curam
1305 2753 1525 2829 deum,
1597 2755 1872 2818 ceterum
1938 2772 2106 2819 nunc
2171 2753 2453 2835 penitus.
2478 2771 2602 2817 non
2657 2751 2904 2817 habere.

650 2853 835 2920 unde,
857 2854 975 2920 hoc
1016 2854 1117 2920 ita
1159 2854 1517 2921 credimus?
1590 2854 1852 2924 forsitan
1909 2856 2086 2937 quia,
2145 2859 2218 2919 ut
2274 2854 2373 2920 illi
2432 2857 2614 2933 tunc,
2673 2871 2903 2920 manna

530 2966 577 2992 ‘'
649 2957 1040 3024 cotidie-non
1102 2958 1513 3034 comedimus,
1574 2977 1738 3044 cum*
1777 2977 1956 3041 agros
2015 2960 2277 3024 triticeis
2334 2958 2546 3040 plenos
2592 2956 2900 3023 messibus
2920 2982 2972 3024 εὖ

647 3062 1080 3127 demetamus?
1154 3061 1302 3144 quia
1362 3065 1712 3127 coturnices
1771 3063 2063 3128 humanis
2109 3082 2173 3127 se
2219 3061 2508 3127 manibus
2552 3061 2900 3143 ingerentes

647 3182 771 3230 non
828 3164 1379 3252 adprehendimuS‚
1450 3183 1594 3230 cum
1649 3166 1856 3231 omnia
1915 3166 2129 3231 auium
2186 3165 2497 3247 pecudum
2556 3163 2899 3228 bestiarum

644 3284 872 3349 genera
917 3266 1329 3354 deuoremus?
1384 3268 1548 3349 quod
1577 3267 1878 3338 salientes
1903 3268 2167 3351 rupibus
2198 3286 2389 3349 aquas
2426 3267 2654 3350 apertis
2687 3267 2898 3333 oribus

622 3389 785 3436 :non-
808 3370 1181 3452 excipimusf
1204 3390 1369 3436 -cum
1435 3370 1712 3436 uinarias
1755 3372 1972 3437 domos
2017 3371 2341 3436 uinearum
2394 3369 2698 3435 fructibus
2744 3370 2898 3436 inri-

793 3505 798 3513 ’
850 3497 1079 3564 1Ἐιὸᾱζ
1117 3507 1198 3572 19,
1236 3505 1293 3560 9
1430 3507 1465 3561 3
1500 3501 1661 3561 Exod'.
1704 3506 1785 3572 19,
1826 3507 1889 3561 16
2050 3507 2081 3561 5
2119 3499 2300 3574 Exodg'
2326 3507 2407 3574 19,
2443 3506 2512 3561 20
2668 3508 2698 3560 7
2735 3507 2897 3563 Exod.

638 3595 724 3661 33,
762 3595 932 3682 quq.
1044 3591 1047 3596 ’
1372 3663 1375 3672 t
1414 3671 1419 3680 Δ
2051 3671 2052 3674 ¹
2412 3661 2416 3666 ,

740 3715 776 3768 4
823 3713 1002 3768 audiri
1049 3728 1117 3767 ex
1163 3713 1346 3768 audire
1380 3715 1434 3767 A
1470 3727 1609 3769 cm.
1645 3729 1716 3768 m.
1752 3718 1783 3766 1
1917 3723 1918 3728 ’
1992 3711 2208 3782 fulgora
2242 3712 2306 3768 in
2344 3714 2401 3766 A
2433 3713 2607 3780 fuisse
2638 3716 2868 3772 uidetur
2877 3725 2896 3782 ’ς

639 3803 999 3854 cunnum-unt.
1018 3813 1094 3854 :ex
1120 3804 1285 3866 parte
1316 3799 1426 3854 litt.
1532 3841 1541 3856 ,
1574 3851 1578 3856 ,
1633 3798 1681 3852 6·
1713 3798 1856 3867 Syna
1903 3798 1959 3852 Β
2103 3845 2108 3846 ff
2166 3798 2199 3851 9
2223 3851 2226 3856 ,
2246 3797 2316 3853 ad
2361 3797 2596 3854 hostium
2634 3806 2805 3857 staret
2840 3801 2897 3858 A

639 3885 810 3937 staret
842 3883 911 3938 ad·
954 3883 1192 3943 hostium
1240 3884 1293 3938 Β
1438 3939 1439 3942 ,
1501 3884 1579 3942 13,
1613 3884 1847 3941 hominis
1892 3883 2092 3940 habere
2134 3885 2213 3942 B.
2403 3886 2468 3941 14
2513 3886 2894 3943 homunculum

633 3968 801 4025 ,uilem
838 3969 894 4023 Β
922 4011 957 4040 ,μ
1000 4023 1004 4027 Α
1066 3970 1156 4028 ,16
1190 3970 1566 4042 inmortalibus
1588 3970 1667 4026 Β.
1765 4021 1768 4024 ,
1852 3969 1920 4024 22
1952 3971 2221 4039 quondam
2259 3988 2328 4027 ex
2363 3973 2631 4041 quandam
2663 3978 2718 4027 A
2755 3988 2892 4028 corr.

616 4067 846 4120 zmnrec.
880 4079 885 4113 ;
1043 4055 1110 4110 23
1146 4057 1395 4124 paenitus
1421 4057 1486 4111 -A
1521 4067 1527 4073 ·
1683 4057 1748 4112 ut
1784 4071 1854 4111 ex
1890 4056 1973 4111 ait
2005 4056 2062 4111 B
2091 4073 2243 4114 corr„
2272 4075 2343 4114 m.
2368 4063 2400 4114 1
2527 4111 2530 4114 Α
2595 4058 2664 4113 24
2697 4060 2893 4114 manna

637 4139 858 4198 cottidie
894 4140 950 4195 Β
1019 4175 1024 4184 ·
1116 4141 1210 4212 *25
1243 4142 1484 4198 triticeos
1521 4142 1576 4197 Β
1660 4183 1683 4196 ,.
1768 4140 1835 4197 26
1872 4142 2215 4202 dimittamus
2250 4146 2306 4200 A
2351 4157 2356 4162 ·
2395 4171 2400 4174 v
2500 4144 2566 4198 29
2602 4143 2892 4211 accipimus

637 4224 693 4280 Β
899 4225 1038 4281 dom’
1076 4229 1197 4296 (sic)
1235 4228 1290 4282 Β
2861 4271 2864 4276 ·
