3380 4919
1172 320 1250 373 ad
1286 320 1642 374 ecclesiam
1688 321 1717 374 I
1756 325 1786 386 5
1822 321 2047 375 36-43.
2614 324 2740 389 237

475 512 781 583 nominat.
831 530 942 577 nos
972 512 1175 578 facere
1207 531 1278 576 ex
1310 511 1552 577 diuitiis
1584 529 1776 594 aquas
1807 512 2090 592 cupimus
2121 512 2330 592 ignem
2364 512 2733 595 extinguen-

473 618 566 679 tes
623 615 962 680 secundum
1024 616 1217 681 illud:
1281 618 1493 680 sicut
1549 633 1743 697 aqua
1800 615 2202 697 extinguit
2259 615 2553 699 ignem,
2620 617 2736 681 sic

475 716 978 801 eleemosyna
1020 720 1450 801 peccatum.
1520 718 1837 799 apostolus
1883 718 1950 780 in
1994 717 2238 782 diuitiis
2282 719 2445 783 male
2491 718 2841 784 censer-40

475 822 641 885 uatis
699 821 1164 887 damnationem
1223 839 1353 886 esse
1414 822 1707 903 testatur,
1770 838 1883 901 ego
1930 840 2001 884 ex
2045 821 2159 894 his,
2221 839 2380 903 quae
2419 821 2577 887 dicit
2621 822 2733 888 ille

430 924 742 988 smortem
790 928 1109 990 aeternam
1155 924 1444 989 omnibus
1493 924 1720 1000 facere,
1766 924 1967 987 uitam
1998 924 2143 1006 opto
2188 926 2554 1007 perpetuam
2599 943 2732 991 con-

476 1045 730 1109 parare:
777 1046 898 1092 non
946 1028 1193 1110 quidem
1240 1027 1402 1109 quod
1445 1028 1562 1093 ulli
1606 1026 1787 1092 uitiis
1818 1026 2174 1091 carnalibus
2217 1027 2515 1110 inplicato
2561 1027 2734 1092 suffi-

473 1148 613 1195 cere
658 1131 738 1195 ad
784 1131 984 1195 uitam
1032 1133 1349 1195 aeternam
1393 1131 1626 1212 putem,
1673 1130 1747 1206 si,
1793 1148 1940 1194 cum
1986 1147 2180 1210 usque
2227 1133 2305 1195 ad
2351 1131 2621 1196 mortem
2665 1130 2737 1196 in

471 1233 725 1315 flagitiis
770 1235 1175 1310 consenuerit,
1220 1234 1287 1298 in
1334 1234 1507 1300 obitu
1554 1235 1706 1298 bene
1754 1236 1983 1298 cuncta
2011 1233 2347 1314 dispenset,
2395 1232 2519 1298 nisi
2551 1237 2736 1300 antea

473 1336 537 1400 et
577 1337 847 1416 peccatis
891 1336 1350 1402 renuntiauerit
1394 1340 1459 1400 et
1503 1335 1818 1400 sordidam
1860 1335 2040 1400 illam
2071 1336 2405 1401 criminum
2444 1336 2732 1402 tunicam

404 1465 457 1505 ιο
473 1438 978 1521 lutulentamque
1012 1439 1343 1521 proiecerit
1373 1444 1436 1503 et
1464 1456 1697 1503 nouam
1728 1438 2149 1504 conuersionis
2180 1458 2251 1504 ac
2279 1438 2729 1504 sanctimoniae

474 1545 717 1605 uestem
763 1542 840 1607 de
886 1560 1078 1607 manu
1123 1543 1384 1625 apostoli
1441 1542 1858 1623 praedicantis
1903 1543 2228 1624 acceperit.
2305 1542 2540 1623 alioqui
2583 1559 2730 1624 pec·
2747 1539 2829 1605 41

474 1662 614 1709 care
660 1663 784 1709 non
831 1643 1080 1723 desinit,
1128 1662 1312 1727 quem
1358 1643 1425 1708 in
1471 1644 1766 1709 extremis
1809 1644 2003 1709 situm
2049 1644 2332 1709 recedere
2364 1664 2402 1710 a
2446 1644 2729 1711 crimini-

473 1748 589 1811 bus
636 1748 767 1812 sola
824 1750 1072 1812 tantum
1131 1746 1287 1812 facit
1347 1745 1803 1828 inpossibilitas
1855 1766 1980 1812 non
2024 1748 2334 1812 uoluntas.
2410 1748 2519 1830 qui
2564 1748 2730 1814 enim

473 1868 510 1914 a
552 1851 741 1916 malis
804 1851 1052 1916 actibus
1112 1850 1366 1916 tantum
1409 1855 1611 1916 morte
1657 1850 1919 1916 discedit
1964 1869 2085 1915 non
2130 1850 2429 1933 relinquit
2472 1853 2727 1935 scelera,

406 1983 453 2023 15
471 1955 580 2019 sed
636 1954 1012 2037 relinquitur
1055 1973 1093 2018 a
1135 1954 1491 2031 sceleribus,
1555 1972 1628 2020 ac
1671 1972 1781 2035 per
1839 1953 1956 2019 1100
2014 1952 2386 2019 necessitate
2440 1956 2729 2020 exclusus

471 2077 507 2122 a
550 2058 727 2123 uitiis
773 2061 837 2124 et
879 2064 1037 2135 tum,
1085 2062 1257 2140 puto,
1302 2060 1539 2139 peccat,
1587 2058 1836 2139 quando
1871 2059 2268 2135 cessauerint‚
2318 2058 2477 2139 quia,
2530 2076 2728 2140 quan-

470 2161 607 2224 tum
667 2160 746 2225 ad
807 2161 1111 2240 animum,
1170 2163 1438 2227 necdum
1498 2162 1684 2227 desiit
1750 2161 1856 2242 qui
1900 2160 2103 2225 adhuc
2142 2160 2299 2225 uelit
2344 2180 2617 2242 peccare,
2674 2163 2730 2227 si

468 2266 679 2345 possit.
756 2282 881 2329 non
939 2265 1117 2330 bonis
1173 2263 1386 2345 itaque
1431 2266 1658 2345 spebus
1704 2262 1994 2328 innititur
2037 2262 2145 2344 qui
2189 2264 2271 2328 ad
2315 2263 2429 2328 1100
2474 2264 2728 2331 tantum

466 2368 683 2448 peccat
736 2365 803 2431 111
858 2366 1010 2447 uita,
1073 2368 1146 2431 ut
1201 2366 1594 2448 peccatorum
1654 2366 1887 2431 molem
1942 2365 2211 2430 redimat
2268 2365 2334 2429 in
2382 2370 2599 2445 morte,
2663 2368 2728 2433 et

400 2469 606 2537 mideo
652 2489 720 2534 se
765 2489 1100 2536 euasurum
1154 2473 1358 2552 putat,
1424 2487 1546 2534 11011
1604 2472 1753 2552 quia
1808 2468 2002 2534 bonus
2058 2469 2168 2533 sed
2212 2470 2359 2551 quia
2400 2470 2577 2534 diues
2623 2471 2724 2536 sit.

468 2572 649 2654 quasi
708 2591 854 2637 uero
912 2577 1065 2640 deus
1122 2592 1246 2639 non
1290 2573 1488 2640 uitam
1548 2574 1807 2655 quaerat
1849 2571 2174 2638 hominum
2220 2572 2328 2636 sed
2373 2574 2721 2653 pecuniam,
2742 2567 2828 2633 42

469 2678 655 2756 atque
699 2694 739 2740 a
782 2677 1023 2741 cunctis
1081 2676 1390 2742 malorum
1447 2678 1946 2744 redimendorum
2005 2694 2115 2758 spe
2171 2677 2334 2739 male
2392 2676 2724 2759 agentibus

468 2778 747 2861 accipere
800 2780 969 2844 solos
1025 2796 1137 2864 pro
1195 2777 1566 2846 criminibus
1623 2796 1911 2843 nummos
1969 2778 2127 2842 uelit
2186 2779 2250 2843 et
2294 2783 2726 2859 corruptorum

467 2880 750 2946 iudicum
811 2900 985 2947 more
1045 2886 1374 2964 argentum
1429 2882 1654 2964 exigat,
1718 2886 1791 2946 ut
1837 2883 2096 2963 peccata
2139 2882 2390 2946 uendat.
2464 2900 2590 2946 non
2632 2883 2724 2950 ita
2741 2877 2828 2942 43

396 3010 449 3050 2⁶
468 2985 582 3046 est.
642 2984 933 3065 prodesse
978 2984 1144 3050 enim
1189 2984 1595 3068 largitionem
1638 2984 1985 3067 plurimum
2032 2987 2270 3049 certum
2302 2985 2416 3061 est,
2461 2988 2568 3050 sed
2600 3004 2722 3051 non

468 3084 620 3168 illis,
689 3088 795 3167 qui
861 3088 1090 3152 ultima
1158 3086 1403 3152 futurae
1468 3087 1821 3170 largitionis
1888 3106 1997 3170 spe
2067 3090 2231 3151 male
2297 3085 2544 3166 uiuunt,
2615 3088 2723 3170 qui

464 3186 698 3252 fiducia
751 3189 1151 3256 redimendae
1191 3189 1612 3255 immunitatis
1658 3189 1893 3255 scelera
1936 3189 2362 3267 committunt,
2417 3189 2527 3253 sed
2572 3189 2720 3269 11113,

467 3292 572 3372 qui
633 3292 880 3373 decepti
942 3297 1050 3358 aut
1108 3292 1348 3357 lubrico
1412 3293 1638 3357 aetatis
1698 3296 1807 3358 aut
1863 3292 2080 3356 nubilo
2137 3291 2363 3357 erroris
2409 3293 2519 3356 aut
2564 3292 2722 3357 uitio

669 3478 702 3531 2
737 3477 936 3531 Eccles.
975 3479 1023 3542 3,
1060 3479 1129 3532 33

565 3648 600 3700 3
645 3648 938 3716 elymosina
981 3649 1037 3701 A
1096 3647 1378 3702 elimosina
1424 3648 1478 3701 Β
1523 3648 1768 3702 ‘uidetur
1812 3647 2119 3703 Saluianus
2162 3650 2469 3704 itacismum
2503 3655 2722 3704 secutus

463 3732 785 3800 eleimosyna
828 3733 1124 3801 scripsisse
1171 3733 1427 3787 Halmius
1633 3735 1668 3787 ὃ
1713 3727 1999 3802 conparare
2045 3750 2147 3788 om.
2194 3734 2249 3788 Β
2456 3735 2523 3789 10
2567 3736 2718 3789 111111·

461 3818 671 3872 1011111111
724 3833 827 3887 que
880 3836 947 3873 m.
985 3824 1017 3872 1
1068 3819 1124 3871 Β
1329 3819 1750 3873 conuersationis
1805 3819 1858 3872 Β
2064 3821 2126 3874 11
2185 3821 2426 3889 alioquin
2478 3837 2547 3875 ex
2593 3822 2719 3891 -qui

461 3919 597 3959 corr.
633 3921 701 3958 m.
727 3907 768 3957 2
803 3906 856 3956 Β
1065 3905 1129 3957 12
1166 3920 1320 3972 quem
1358 3920 1399 3958 ε.
1440 3921 1541 3963 scr.
1582 3921 1650 3958 m.
1685 3907 1727 3959 2
1778 3905 1919 3959 hunc
1952 3906 2008 3958 A
2218 3907 2282 3960 16
2317 3909 2436 3960 111111
2467 3923 2535 3975 p:
2589 3908 2718 3962 dum

461 4005 501 4043 s.
537 4005 638 4043 scr.
685 4007 754 4043 m.
790 3994 831 4044 2
881 3993 1014 4044 tunc
1061 3992 1171 4058 (1110
1217 3990 1294 4055 Β)
1341 3991 1454 4044 AB
1655 3991 1945 4045 cessauerit
2000 3992 2058 4045 Β
2265 3992 2331 4045 17
2388 3984 2622 4063 11οξᾱ11111
2676 4011 2718 4051 s.

459 4091 558 4129 scr.
598 4091 625 4129 0
660 4092 726 4128 m.
765 4079 809 4128 2*
843 4078 900 4128 A
1104 4076 1167 4128 21
1225 4079 1403 4145 querit
1454 4076 1509 4130 Β
1717 4076 1785 4129 23
1832 4078 1971 4129 30103
2016 4093 2058 4131 s.
2095 4093 2126 4130 o
2166 4082 2373 4145 poster.
2408 4095 2449 4133 3.
2486 4095 2589 4133 scr.
2625 4080 2723 4134 sed

460 4177 532 4216 ex
558 4168 728 4230 parte
763 4179 900 4218 eras.
937 4181 972 4217 u
1008 4163 1063 4217 A
1116 4164 1261 4217 solus
1308 4164 1363 4218 Β
1571 4167 1942 4231 corruptorum
1982 4164 2075 4234 qui
2111 4165 2222 4221 iud.
2271 4166 2326 4220 Β
2532 4168 2600 4221 27
2637 4168 2718 4221 in·

460 4248 744 4301 munitatis
779 4250 834 4302 Β
