<?xml version="1.0" encoding="UTF-8"?>
<!DOCTYPE html PUBLIC "-//W3C//DTD XHTML 1.0 Transitional//EN"
    "http://www.w3.org/TR/xhtml1/DTD/xhtml1-transitional.dtd">
<html xmlns="http://www.w3.org/1999/xhtml" xml:lang="en" lang="en">
 <head>
  <title>
</title>
<meta http-equiv="Content-Type" content="text/html;charset=utf-8" />
  <meta name='ocr-system' content='tesseract 3.04.00' />
  <meta name='ocr-capabilities' content='ocr_page ocr_carea ocr_par ocr_line ocrx_word'/>
</head>
<body>
  <div class='ocr_page' id='page_1' title='image "./operaomnia07paulgoog/operaomnia07paulgoog_0133.png"; bbox 0 0 3380 4919; ppageno 0'>
   <div class='ocr_carea' id='block_1_1' title="bbox 1156 314 2745 385">
    <p class='ocr_par' dir='ltr' id='par_1_1' title="bbox 1156 314 2745 385">
     <span class='ocr_line' id='line_1_1' title="bbox 1156 314 2745 385; baseline 0.003 -15"><span class='ocrx_word' id='word_1_1' title='bbox 1156 315 1228 371; x_wconf 87' lang='lat' dir='ltr'>de</span> <span class='ocrx_word' id='word_1_2' title='bbox 1264 314 1529 384; x_wconf 82' lang='lat' dir='ltr'><strong>gubern.</strong></span> <span class='ocrx_word' id='word_1_3' title='bbox 1567 315 1673 370; x_wconf 86' lang='lat' dir='ltr'>dei</span> <span class='ocrx_word' id='word_1_4' title='bbox 1711 314 1759 368; x_wconf 90' lang='lat' dir='ltr'><strong>V</strong></span> <span class='ocrx_word' id='word_1_5' title='bbox 1795 320 1825 380; x_wconf 70' lang='lat'>5</span> <span class='ocrx_word' id='word_1_6' title='bbox 1865 314 2081 371; x_wconf 80' lang='lat'><strong>19-25.</strong></span> <span class='ocrx_word' id='word_1_7' title='bbox 2622 318 2745 385; x_wconf 82' lang='grc'>109</span> 
     </span>
    </p>
   </div>
   <div class='ocr_carea' id='block_1_2' title="bbox 424 504 2852 1933">
    <p class='ocr_par' dir='ltr' id='par_1_2' title="bbox 491 504 2842 902">
     <span class='ocr_line' id='line_1_2' title="bbox 491 504 2748 591; baseline -0 -19"><span class='ocrx_word' id='word_1_8' title='bbox 491 505 786 591; x_wconf 83' lang='lat' dir='ltr'>migrant,</span> <span class='ocrx_word' id='word_1_9' title='bbox 833 505 899 571; x_wconf 86' lang='lat' dir='ltr'>et</span> <span class='ocrx_word' id='word_1_10' title='bbox 944 504 1384 590; x_wconf 72' lang='lat' dir='ltr'>commigrasse</span> <span class='ocrx_word' id='word_1_11' title='bbox 1415 524 1540 571; x_wconf 88' lang='lat' dir='ltr'>non</span> <span class='ocrx_word' id='word_1_12' title='bbox 1568 504 1882 588; x_wconf 83' lang='lat' dir='ltr'>paenitet3</span> <span class='ocrx_word' id='word_1_13' title='bbox 1928 506 2173 570; x_wconf 89' lang='lat' dir='ltr'>malunt</span> <span class='ocrx_word' id='word_1_14' title='bbox 2205 505 2371 570; x_wconf 90' lang='lat' dir='ltr'>enim</span> <span class='ocrx_word' id='word_1_15' title='bbox 2402 506 2517 572; x_wconf 90' lang='lat' dir='ltr'>sub</span> <span class='ocrx_word' id='word_1_16' title='bbox 2547 507 2748 589; x_wconf 89' lang='lat' dir='ltr'>specie</span> 
     </span>
     <span class='ocr_line' id='line_1_3' title="bbox 493 609 2746 694; baseline 0 -18"><span class='ocrx_word' id='word_1_17' title='bbox 493 609 880 694; x_wconf 85' lang='lat' dir='ltr'>captiuitatis</span> <span class='ocrx_word' id='word_1_18' title='bbox 953 609 1165 675; x_wconf 87' lang='lat' dir='ltr'>uiuere</span> <span class='ocrx_word' id='word_1_19' title='bbox 1204 610 1420 674; x_wconf 20' lang='lat' dir='ltr'>*liberi</span> <span class='ocrx_word' id='word_1_20' title='bbox 1493 627 1682 693; x_wconf 90' lang='lat' dir='ltr'>quam</span> <span class='ocrx_word' id='word_1_21' title='bbox 1756 609 1871 675; x_wconf 91' lang='lat' dir='ltr'>sub</span> <span class='ocrx_word' id='word_1_22' title='bbox 1948 609 2150 693; x_wconf 85' lang='lat' dir='ltr'>specie</span> <span class='ocrx_word' id='word_1_23' title='bbox 2223 609 2542 675; x_wconf 57' lang='lat' dir='ltr'>libertatis&gt;</span> <span class='ocrx_word' id='word_1_24' title='bbox 2613 629 2746 676; x_wconf 85' lang='lat' dir='ltr'>esse</span> 
     </span>
     <span class='ocr_line' id='line_1_4' title="bbox 491 712 2842 798; baseline -0.003 -18"><span class='ocrx_word' id='word_1_25' title='bbox 491 714 748 798; x_wconf 85' lang='lat' dir='ltr'>captiui.</span> <span class='ocrx_word' id='word_1_26' title='bbox 800 712 1015 796; x_wconf 85' lang='lat' dir='ltr'>itaque</span> <span class='ocrx_word' id='word_1_27' title='bbox 1045 731 1270 778; x_wconf 87' lang='lat' dir='ltr'>nomen</span> <span class='ocrx_word' id='word_1_28' title='bbox 1302 713 1541 787; x_wconf 85' lang='lat' dir='ltr'>ciuium</span> <span class='ocrx_word' id='word_1_29' title='bbox 1570 714 1994 779; x_wconf 85' lang='lat' dir='ltr'>Romanorum</span> <span class='ocrx_word' id='word_1_30' title='bbox 2024 712 2355 796; x_wconf 87' lang='lat' dir='ltr'>aliquando</span> <span class='ocrx_word' id='word_1_31' title='bbox 2373 729 2509 776; x_wconf 55' lang='lat' dir='ltr'>«non</span> <span class='ocrx_word' id='word_1_32' title='bbox 2539 712 2747 777; x_wconf 88' lang='lat' dir='ltr'>solum</span> <span class='ocrx_word' id='word_1_33' title='bbox 2827 726 2842 773; x_wconf 73' lang='lat'><em>3</em></span> 
     </span>
     <span class='ocr_line' id='line_1_5' title="bbox 492 816 2746 902; baseline -0 -20"><span class='ocrx_word' id='word_1_34' title='bbox 492 836 718 902; x_wconf 89' lang='lat' dir='ltr'>magno</span> <span class='ocrx_word' id='word_1_35' title='bbox 761 816 1165 882; x_wconf 80' lang='lat' dir='ltr'>aestimatum</span> <span class='ocrx_word' id='word_1_36' title='bbox 1212 819 1317 882; x_wconf 91' lang='lat' dir='ltr'>sed</span> <span class='ocrx_word' id='word_1_37' title='bbox 1363 835 1590 899; x_wconf 87' lang='lat' dir='ltr'>magno</span> <span class='ocrx_word' id='word_1_38' title='bbox 1638 818 1920 899; x_wconf 89' lang='lat' dir='ltr'>emptum</span> <span class='ocrx_word' id='word_1_39' title='bbox 1965 834 2131 881; x_wconf 87' lang='lat' dir='ltr'>nunc</span> <span class='ocrx_word' id='word_1_40' title='bbox 2183 817 2351 881; x_wconf 87' lang='lat' dir='ltr'>ultro</span> <span class='ocrx_word' id='word_1_41' title='bbox 2380 816 2746 898; x_wconf 87' lang='lat' dir='ltr'>repudiatur</span> 
     </span>
    </p>

    <p class='ocr_par' dir='ltr' id='par_1_3' title="bbox 447 918 2852 1416">
     <span class='ocr_line' id='line_1_6' title="bbox 447 918 2745 1003; baseline 0.001 -22"><span class='ocrx_word' id='word_1_42' title='bbox 447 941 472 981; x_wconf 85' lang='lat'><strong>5</strong></span> <span class='ocrx_word' id='word_1_43' title='bbox 490 938 561 986; x_wconf 87' lang='lat' dir='ltr'>ac</span> <span class='ocrx_word' id='word_1_44' title='bbox 619 919 880 1003; x_wconf 84' lang='lat' dir='ltr'>fugitur,</span> <span class='ocrx_word' id='word_1_45' title='bbox 948 938 1071 986; x_wconf 83' lang='lat' dir='ltr'>nec·</span> <span class='ocrx_word' id='word_1_46' title='bbox 1125 920 1254 986; x_wconf 90' lang='lat' dir='ltr'>uile</span> <span class='ocrx_word' id='word_1_47' title='bbox 1314 921 1572 987; x_wconf 79' lang='lat' dir='ltr'>tantum</span> <span class='ocrx_word' id='word_1_48' title='bbox 1639 922 1747 985; x_wconf 91' lang='lat' dir='ltr'>sed</span> <span class='ocrx_word' id='word_1_49' title='bbox 1817 921 2011 989; x_wconf 88' lang='lat' dir='ltr'>etiam</span> <span class='ocrx_word' id='word_1_50' title='bbox 2069 918 2485 986; x_wconf 75' lang='lat' dir='ltr'>abominabile</span> <span class='ocrx_word' id='word_1_51' title='bbox 2549 937 2745 1002; x_wconf 83' lang='lat' dir='ltr'>paene</span> 
     </span>
     <span class='ocr_line' id='line_1_7' title="bbox 492 1015 2852 1107; baseline -0.003 -19"><span class='ocrx_word' id='word_1_52' title='bbox 492 1024 776 1091; x_wconf 85' lang='lat' dir='ltr'>habetur.</span> <span class='ocrx_word' id='word_1_53' title='bbox 836 1027 900 1089; x_wconf 90' lang='lat' dir='ltr'>et</span> <span class='ocrx_word' id='word_1_54' title='bbox 944 1025 1107 1107; x_wconf 91' lang='lat' dir='ltr'>quod</span> <span class='ocrx_word' id='word_1_55' title='bbox 1151 1042 1279 1089; x_wconf 85' lang='lat' dir='ltr'>esse</span> <span class='ocrx_word' id='word_1_56' title='bbox 1310 1023 1513 1089; x_wconf 87' lang='lat' dir='ltr'>maius</span> <span class='ocrx_word' id='word_1_57' title='bbox 1559 1023 1993 1088; x_wconf 87' lang='lat' dir='ltr'>testimonium</span> <span class='ocrx_word' id='word_1_58' title='bbox 2025 1024 2349 1091; x_wconf 79' lang='lat' dir='ltr'>Romanae</span> <span class='ocrx_word' id='word_1_59' title='bbox 2391 1024 2744 1105; x_wconf 84' lang='lat' dir='ltr'>iniquitatis</span> <span class='ocrx_word' id='word_1_60' title='bbox 2764 1015 2852 1085; x_wconf 82' lang='lat'>23</span> 
     </span>
     <span class='ocr_line' id='line_1_8' title="bbox 491 1126 2745 1210; baseline -0 -19"><span class='ocrx_word' id='word_1_61' title='bbox 491 1128 717 1208; x_wconf 83' lang='lat' dir='ltr'>potest,</span> <span class='ocrx_word' id='word_1_62' title='bbox 772 1145 975 1210; x_wconf 82' lang='lat' dir='ltr'>=quam</span> <span class='ocrx_word' id='word_1_63' title='bbox 1041 1127 1237 1209; x_wconf 84' lang='lat' dir='ltr'>quod·</span> <span class='ocrx_word' id='word_1_64' title='bbox 1269 1127 1550 1209; x_wconf 88' lang='lat' dir='ltr'>plerique</span> <span class='ocrx_word' id='word_1_65' title='bbox 1597 1130 1660 1191; x_wconf 89' lang='lat' dir='ltr'>et</span> <span class='ocrx_word' id='word_1_66' title='bbox 1722 1126 1971 1193; x_wconf 87' lang='lat' dir='ltr'>honesti</span> <span class='ocrx_word' id='word_1_67' title='bbox 2018 1129 2082 1191; x_wconf 90' lang='lat' dir='ltr'>et</span> <span class='ocrx_word' id='word_1_68' title='bbox 2126 1127 2363 1191; x_wconf 89' lang='lat' dir='ltr'>nobiles</span> <span class='ocrx_word' id='word_1_69' title='bbox 2411 1132 2472 1191; x_wconf 87' lang='lat' dir='ltr'>et</span> <span class='ocrx_word' id='word_1_70' title='bbox 2517 1126 2745 1208; x_wconf 89' lang='lat' dir='ltr'>quibus</span> 
     </span>
     <span class='ocr_line' id='line_1_9' title="bbox 492 1230 2743 1315; baseline 0 -20"><span class='ocrx_word' id='word_1_71' title='bbox 492 1231 807 1295; x_wconf 88' lang='lat' dir='ltr'>Romanus</span> <span class='ocrx_word' id='word_1_72' title='bbox 866 1231 1071 1296; x_wconf 84' lang='lat' dir='ltr'>status</span> <span class='ocrx_word' id='word_1_73' title='bbox 1129 1248 1371 1295; x_wconf 86' lang='lat' dir='ltr'>summo</span> <span class='ocrx_word' id='word_1_74' title='bbox 1432 1231 1496 1295; x_wconf 89' lang='lat' dir='ltr'>et</span> <span class='ocrx_word' id='word_1_75' title='bbox 1552 1230 1869 1315; x_wconf 83' lang='lat' dir='ltr'>splendori</span> <span class='ocrx_word' id='word_1_76' title='bbox 1930 1248 2059 1297; x_wconf 89' lang='lat' dir='ltr'>esse</span> <span class='ocrx_word' id='word_1_77' title='bbox 2117 1231 2334 1297; x_wconf 86' lang='lat' dir='ltr'>debuit</span> <span class='ocrx_word' id='word_1_78' title='bbox 2393 1231 2457 1295; x_wconf 90' lang='lat' dir='ltr'>et</span> <span class='ocrx_word' id='word_1_79' title='bbox 2506 1231 2743 1314; x_wconf 87' lang='lat' dir='ltr'>honori,</span> 
     </span>
     <span class='ocr_line' id='line_1_10' title="bbox 491 1332 2744 1416; baseline 0 -18"><span class='ocrx_word' id='word_1_80' title='bbox 491 1332 569 1398; x_wconf 90' lang='lat' dir='ltr'>ad</span> <span class='ocrx_word' id='word_1_81' title='bbox 613 1334 730 1398; x_wconf 89' lang='lat' dir='ltr'>hoc</span> <span class='ocrx_word' id='word_1_82' title='bbox 772 1334 985 1399; x_wconf 85' lang='lat' dir='ltr'>tamen</span> <span class='ocrx_word' id='word_1_83' title='bbox 1027 1333 1344 1399; x_wconf 78' lang='lat' dir='ltr'>Romanae</span> <span class='ocrx_word' id='word_1_84' title='bbox 1403 1333 1762 1416; x_wconf 86' lang='lat' dir='ltr'>iniquitatis</span> <span class='ocrx_word' id='word_1_85' title='bbox 1810 1333 2180 1399; x_wconf 86' lang='lat' dir='ltr'>crudelitate</span> <span class='ocrx_word' id='word_1_86' title='bbox 2228 1333 2532 1416; x_wconf 87' lang='lat' dir='ltr'>compulsi</span> <span class='ocrx_word' id='word_1_87' title='bbox 2576 1337 2744 1416; x_wconf 89' lang='lat' dir='ltr'>sunt,</span> 
     </span>
    </p>

    <p class='ocr_par' dir='ltr' id='par_1_4' title="bbox 424 1437 2746 1933">
     <span class='ocr_line' id='line_1_11' title="bbox 424 1437 2743 1522; baseline 0 -21"><span class='ocrx_word' id='word_1_88' title='bbox 424 1471 473 1512; x_wconf 78' lang='lat'>10</span> <span class='ocrx_word' id='word_1_89' title='bbox 490 1439 563 1501; x_wconf 92' lang='lat' dir='ltr'>ut</span> <span class='ocrx_word' id='word_1_90' title='bbox 607 1437 809 1503; x_wconf 91' lang='lat' dir='ltr'>nolint</span> <span class='ocrx_word' id='word_1_91' title='bbox 869 1455 999 1503; x_wconf 89' lang='lat' dir='ltr'>esse</span> <span class='ocrx_word' id='word_1_92' title='bbox 1042 1437 1357 1503; x_wconf 74' lang='lat' dir='ltr'>Romani?</span> <span class='ocrx_word' id='word_1_93' title='bbox 1423 1440 1486 1502; x_wconf 89' lang='lat' dir='ltr'>et</span> <span class='ocrx_word' id='word_1_94' title='bbox 1531 1437 1677 1502; x_wconf 90' lang='lat' dir='ltr'>hinc</span> <span class='ocrx_word' id='word_1_95' title='bbox 1731 1438 1845 1522; x_wconf 89' lang='lat' dir='ltr'>est,</span> <span class='ocrx_word' id='word_1_96' title='bbox 1914 1440 2077 1520; x_wconf 90' lang='lat' dir='ltr'>quod</span> <span class='ocrx_word' id='word_1_97' title='bbox 2121 1437 2313 1502; x_wconf 87' lang='lat' dir='ltr'>etiam</span> <span class='ocrx_word' id='word_1_98' title='bbox 2357 1437 2442 1512; x_wconf 88' lang='lat' dir='ltr'>hi,</span> <span class='ocrx_word' id='word_1_99' title='bbox 2513 1438 2621 1518; x_wconf 91' lang='lat' dir='ltr'>qui</span> <span class='ocrx_word' id='word_1_100' title='bbox 2665 1437 2743 1502; x_wconf 87' lang='lat' dir='ltr'>ad</span> 
     </span>
     <span class='ocr_line' id='line_1_12' title="bbox 493 1539 2746 1625; baseline 0.001 -20"><span class='ocrx_word' id='word_1_101' title='bbox 493 1539 797 1619; x_wconf 37' lang='lat' dir='ltr'>barbaros,</span> <span class='ocrx_word' id='word_1_102' title='bbox 825 1558 948 1605; x_wconf 85' lang='lat' dir='ltr'>non</span> <span class='ocrx_word' id='word_1_103' title='bbox 992 1539 1679 1625; x_wconf 88' lang='lat' dir='ltr'>confugiunt‚.barbari</span> <span class='ocrx_word' id='word_1_104' title='bbox 1724 1544 1938 1606; x_wconf 90' lang='lat' dir='ltr'>tamen</span> <span class='ocrx_word' id='word_1_105' title='bbox 1970 1544 2103 1605; x_wconf 89' lang='lat' dir='ltr'>esse</span> <span class='ocrx_word' id='word_1_106' title='bbox 2133 1542 2457 1623; x_wconf 87' lang='lat' dir='ltr'>coguntur,</span> <span class='ocrx_word' id='word_1_107' title='bbox 2502 1542 2746 1611; x_wconf 81' lang='lat' dir='ltr'>scilicet</span> 
     </span>
     <span class='ocr_line' id='line_1_13' title="bbox 491 1642 2743 1727; baseline 0 -19"><span class='ocrx_word' id='word_1_108' title='bbox 491 1648 564 1708; x_wconf 91' lang='lat' dir='ltr'>ut</span> <span class='ocrx_word' id='word_1_109' title='bbox 614 1646 917 1726; x_wconf 77' lang='lat' dir='ltr'>estpars</span> <span class='ocrx_word' id='word_1_110' title='bbox 983 1661 1212 1726; x_wconf 86' lang='lat' dir='ltr'>magna</span> <span class='ocrx_word' id='word_1_111' title='bbox 1278 1643 1706 1727; x_wconf 85' lang='lat' dir='ltr'>Hispanorum</span> <span class='ocrx_word' id='word_1_112' title='bbox 1774 1645 1839 1708; x_wconf 91' lang='lat' dir='ltr'>et</span> <span class='ocrx_word' id='word_1_113' title='bbox 1896 1662 2018 1708; x_wconf 91' lang='lat' dir='ltr'>non</span> <span class='ocrx_word' id='word_1_114' title='bbox 2087 1644 2353 1709; x_wconf 89' lang='lat' dir='ltr'>minima</span> <span class='ocrx_word' id='word_1_115' title='bbox 2398 1642 2743 1724; x_wconf 80' lang='lat' dir='ltr'>Gallorum,</span> 
     </span>
     <span class='ocr_line' id='line_1_14' title="bbox 492 1746 2746 1830; baseline 0 -18"><span class='ocrx_word' id='word_1_116' title='bbox 492 1765 702 1813; x_wconf 89' lang='lat' dir='ltr'>omnes</span> <span class='ocrx_word' id='word_1_117' title='bbox 767 1747 1050 1830; x_wconf 89' lang='lat' dir='ltr'>denique,</span> <span class='ocrx_word' id='word_1_118' title='bbox 1118 1765 1270 1829; x_wconf 88' lang='lat' dir='ltr'>quos</span> <span class='ocrx_word' id='word_1_119' title='bbox 1333 1766 1441 1829; x_wconf 91' lang='lat' dir='ltr'>per</span> <span class='ocrx_word' id='word_1_120' title='bbox 1506 1748 1866 1812; x_wconf 91' lang='lat' dir='ltr'>uniuersum</span> <span class='ocrx_word' id='word_1_121' title='bbox 1921 1747 2278 1812; x_wconf 88' lang='lat' dir='ltr'>Romanum</span> <span class='ocrx_word' id='word_1_122' title='bbox 2337 1746 2548 1812; x_wconf 92' lang='lat' dir='ltr'>orbem</span> <span class='ocrx_word' id='word_1_123' title='bbox 2597 1747 2746 1814; x_wconf 87' lang='lat' dir='ltr'>fecit</span> 
     </span>
     <span class='ocr_line' id='line_1_15' title="bbox 491 1849 2010 1933; baseline 0 -18"><span class='ocrx_word' id='word_1_124' title='bbox 491 1850 772 1916; x_wconf 88' lang='lat' dir='ltr'>Romana</span> <span class='ocrx_word' id='word_1_125' title='bbox 815 1849 1114 1933; x_wconf 87' lang='lat' dir='ltr'>iniquitas</span> <span class='ocrx_word' id='word_1_126' title='bbox 1160 1852 1287 1916; x_wconf 89' lang='lat' dir='ltr'>iam</span> <span class='ocrx_word' id='word_1_127' title='bbox 1332 1869 1454 1915; x_wconf 91' lang='lat' dir='ltr'>non</span> <span class='ocrx_word' id='word_1_128' title='bbox 1497 1870 1631 1917; x_wconf 91' lang='lat' dir='ltr'>esse</span> <span class='ocrx_word' id='word_1_129' title='bbox 1676 1852 2010 1917; x_wconf 76' lang='lat' dir='ltr'>Romanos,</span> 
     </span>
    </p>
   </div>
   <div class='ocr_carea' id='block_1_3' title="bbox 425 1987 2852 3105">
    <p class='ocr_par' dir='ltr' id='par_1_5' title="bbox 425 1987 2852 2487">
     <span class='ocr_line' id='line_1_16' title="bbox 425 1987 2852 2073; baseline 0.002 -21"><span class='ocrx_word' id='word_1_130' title='bbox 425 2020 474 2061; x_wconf 80' lang='lat'>15</span> <span class='ocrx_word' id='word_1_131' title='bbox 575 1987 681 2053; x_wconf 91' lang='lat' dir='ltr'>VI.</span> <span class='ocrx_word' id='word_1_132' title='bbox 752 1990 843 2053; x_wconf 88' lang='lat' dir='ltr'>De</span> <span class='ocrx_word' id='word_1_133' title='bbox 909 1989 1213 2054; x_wconf 84' lang='lat' dir='ltr'>Bacaudis</span> <span class='ocrx_word' id='word_1_134' title='bbox 1278 2008 1444 2054; x_wconf 91' lang='lat' dir='ltr'>nunc</span> <span class='ocrx_word' id='word_1_135' title='bbox 1508 1990 1664 2054; x_wconf 90' lang='lat' dir='ltr'>mihi</span> <span class='ocrx_word' id='word_1_136' title='bbox 1742 2006 1943 2055; x_wconf 89' lang='lat' dir='ltr'>sermo</span> <span class='ocrx_word' id='word_1_137' title='bbox 2011 1992 2122 2070; x_wconf 89' lang='lat' dir='ltr'>est,</span> <span class='ocrx_word' id='word_1_138' title='bbox 2199 1993 2303 2072; x_wconf 88' lang='lat' dir='ltr'>qui</span> <span class='ocrx_word' id='word_1_139' title='bbox 2371 2009 2481 2073; x_wconf 90' lang='lat' dir='ltr'>per</span> <span class='ocrx_word' id='word_1_140' title='bbox 2548 1992 2743 2056; x_wconf 90' lang='lat' dir='ltr'>malos</span> <span class='ocrx_word' id='word_1_141' title='bbox 2765 1988 2852 2056; x_wconf 82' lang='lat'>24</span> 
     </span>
     <span class='ocr_line' id='line_1_17' title="bbox 490 2090 2836 2175; baseline 0.002 -20"><span class='ocrx_word' id='word_1_142' title='bbox 490 2090 724 2156; x_wconf 87' lang='lat' dir='ltr'>iudices</span> <span class='ocrx_word' id='word_1_143' title='bbox 770 2094 833 2157; x_wconf 89' lang='lat' dir='ltr'>et</span> <span class='ocrx_word' id='word_1_144' title='bbox 880 2096 1168 2156; x_wconf 89' lang='lat' dir='ltr'>cruentos</span> <span class='ocrx_word' id='word_1_145' title='bbox 1225 2092 1473 2173; x_wconf 90' lang='lat' dir='ltr'>spoliati</span> <span class='ocrx_word' id='word_1_146' title='bbox 1530 2091 1751 2157; x_wconf 87' lang='lat' dir='ltr'>afflicti</span> <span class='ocrx_word' id='word_1_147' title='bbox 1810 2095 2031 2167; x_wconf 89' lang='lat' dir='ltr'>necati,</span> <span class='ocrx_word' id='word_1_148' title='bbox 2100 2098 2430 2175; x_wconf 78' lang='lat' dir='ltr'>postquam</span> <span class='ocrx_word' id='word_1_149' title='bbox 2477 2095 2573 2159; x_wconf 90' lang='lat' dir='ltr'>ius</span> <span class='ocrx_word' id='word_1_150' title='bbox 2618 2094 2743 2159; x_wconf 87' lang='lat' dir='ltr'>Ro·</span> <span class='ocrx_word' id='word_1_151' title='bbox 2833 2102 2836 2107; x_wconf 59' lang='lat'><strong>⁴</strong></span> 
     </span>
     <span class='ocr_line' id='line_1_18' title="bbox 491 2194 2742 2274; baseline 0.001 -16"><span class='ocrx_word' id='word_1_152' title='bbox 491 2213 709 2260; x_wconf 89' lang='lat' dir='ltr'>manae</span> <span class='ocrx_word' id='word_1_153' title='bbox 767 2194 1075 2260; x_wconf 77' lang='lat' dir='ltr'>libertatis</span> <span class='ocrx_word' id='word_1_154' title='bbox 1137 2194 1494 2274; x_wconf 89' lang='lat' dir='ltr'>amiserant,</span> <span class='ocrx_word' id='word_1_155' title='bbox 1553 2195 1745 2258; x_wconf 90' lang='lat' dir='ltr'>etiam</span> <span class='ocrx_word' id='word_1_156' title='bbox 1802 2195 2100 2260; x_wconf 87' lang='lat' dir='ltr'>honorem</span> <span class='ocrx_word' id='word_1_157' title='bbox 2158 2196 2413 2260; x_wconf 88' lang='lat' dir='ltr'>Romani</span> <span class='ocrx_word' id='word_1_158' title='bbox 2474 2195 2742 2261; x_wconf 88' lang='lat' dir='ltr'>nominis</span> 
     </span>
     <span class='ocr_line' id='line_1_19' title="bbox 490 2297 2741 2380; baseline 0.001 -18"><span class='ocrx_word' id='word_1_159' title='bbox 490 2297 913 2378; x_wconf 86' lang='lat' dir='ltr'>perdiderunt.</span> <span class='ocrx_word' id='word_1_160' title='bbox 992 2300 1056 2362; x_wconf 93' lang='lat' dir='ltr'>et</span> <span class='ocrx_word' id='word_1_161' title='bbox 1101 2300 1452 2380; x_wconf 84' lang='lat' dir='ltr'>imputatur</span> <span class='ocrx_word' id='word_1_162' title='bbox 1495 2298 1593 2361; x_wconf 88' lang='lat' dir='ltr'>his</span> <span class='ocrx_word' id='word_1_163' title='bbox 1639 2297 1982 2363; x_wconf 83' lang='lat' dir='ltr'>infelicitas</span> <span class='ocrx_word' id='word_1_164' title='bbox 2028 2316 2160 2379; x_wconf 87' lang='lat' dir='ltr'>sua,</span> <span class='ocrx_word' id='word_1_165' title='bbox 2214 2300 2597 2380; x_wconf 87' lang='lat' dir='ltr'>imputamus</span> <span class='ocrx_word' id='word_1_166' title='bbox 2645 2299 2741 2364; x_wconf 87' lang='lat' dir='ltr'>his</span> 
     </span>
     <span class='ocr_line' id='line_1_20' title="bbox 491 2402 2740 2487; baseline 0.002 -21"><span class='ocrx_word' id='word_1_167' title='bbox 491 2420 714 2467; x_wconf 90' lang='lat' dir='ltr'>nomen</span> <span class='ocrx_word' id='word_1_168' title='bbox 762 2402 1140 2469; x_wconf 80' lang='lat' dir='ltr'>calamitatis</span> <span class='ocrx_word' id='word_1_169' title='bbox 1170 2420 1336 2485; x_wconf 88' lang='lat' dir='ltr'>suae,</span> <span class='ocrx_word' id='word_1_170' title='bbox 1385 2402 1779 2484; x_wconf 85' lang='lat' dir='ltr'>imputamus</span> <span class='ocrx_word' id='word_1_171' title='bbox 1812 2419 2054 2483; x_wconf 87' lang='lat' dir='ltr'>nomen,</span> <span class='ocrx_word' id='word_1_172' title='bbox 2104 2404 2267 2486; x_wconf 91' lang='lat' dir='ltr'>quod</span> <span class='ocrx_word' id='word_1_173' title='bbox 2296 2405 2416 2487; x_wconf 92' lang='lat' dir='ltr'>ipsi</span> <span class='ocrx_word' id='word_1_174' title='bbox 2450 2402 2740 2478; x_wconf 85' lang='lat' dir='ltr'>fecimus:</span> 
     </span>
    </p>

    <p class='ocr_par' dir='ltr' id='par_1_6' title="bbox 426 2505 2850 3003">
     <span class='ocr_line' id='line_1_21' title="bbox 426 2505 2742 2589; baseline -0 -15"><span class='ocrx_word' id='word_1_175' title='bbox 426 2524 784 2574; x_wconf 68' lang='lat' dir='ltr'>souocamus</span> <span class='ocrx_word' id='word_1_176' title='bbox 849 2505 1112 2571; x_wconf 87' lang='lat' dir='ltr'>rebelles</span> <span class='ocrx_word' id='word_1_177' title='bbox 1183 2523 1473 2572; x_wconf 89' lang='lat' dir='ltr'>uocamus</span> <span class='ocrx_word' id='word_1_178' title='bbox 1551 2505 1827 2589; x_wconf 88' lang='lat' dir='ltr'>perditos</span> <span class='ocrx_word' id='word_1_179' title='bbox 1902 2525 2053 2589; x_wconf 88' lang='lat' dir='ltr'>quos</span> <span class='ocrx_word' id='word_1_180' title='bbox 2123 2526 2249 2571; x_wconf 91' lang='lat' dir='ltr'>esse</span> <span class='ocrx_word' id='word_1_181' title='bbox 2329 2508 2742 2589; x_wconf 89' lang='lat' dir='ltr'>compulimus</span> 
     </span>
     <span class='ocr_line' id='line_1_22' title="bbox 492 2605 2850 2692; baseline 0.001 -19"><span class='ocrx_word' id='word_1_182' title='bbox 492 2609 876 2675; x_wconf 89' lang='lat' dir='ltr'>criminosos.</span> <span class='ocrx_word' id='word_1_183' title='bbox 950 2610 1175 2692; x_wconf 90' lang='lat' dir='ltr'>quibus</span> <span class='ocrx_word' id='word_1_184' title='bbox 1237 2610 1415 2675; x_wconf 49' lang='lat' dir='ltr'>enim*</span> <span class='ocrx_word' id='word_1_185' title='bbox 1451 2605 1590 2675; x_wconf 86' lang='lat' dir='ltr'>aliis</span> <span class='ocrx_word' id='word_1_186' title='bbox 1638 2611 1820 2674; x_wconf 90' lang='lat' dir='ltr'>rebus</span> <span class='ocrx_word' id='word_1_187' title='bbox 1864 2611 2185 2677; x_wconf 88' lang='lat' dir='ltr'>Bacaudae</span> <span class='ocrx_word' id='word_1_188' title='bbox 2230 2605 2382 2676; x_wconf 83' lang='lat' dir='ltr'>fac&#39;ti</span> <span class='ocrx_word' id='word_1_189' title='bbox 2427 2613 2573 2676; x_wconf 88' lang='lat' dir='ltr'>sunt</span> <span class='ocrx_word' id='word_1_190' title='bbox 2618 2611 2742 2676; x_wconf 90' lang='lat' dir='ltr'>nisi</span> <span class='ocrx_word' id='word_1_191' title='bbox 2763 2610 2850 2676; x_wconf 81' lang='lat'>25</span> 
     </span>
     <span class='ocr_line' id='line_1_23' title="bbox 492 2712 2836 2796; baseline 0.002 -20"><span class='ocrx_word' id='word_1_192' title='bbox 492 2712 927 2794; x_wconf 87' lang='lat' dir='ltr'>iniquitatibus</span> <span class='ocrx_word' id='word_1_193' title='bbox 985 2713 1213 2778; x_wconf 88' lang='lat' dir='ltr'>nostris</span> <span class='ocrx_word' id='word_1_194' title='bbox 1273 2712 1394 2778; x_wconf 91' lang='lat' dir='ltr'>nisi</span> <span class='ocrx_word' id='word_1_195' title='bbox 1455 2713 1969 2796; x_wconf 87' lang='lat' dir='ltr'>improbitatibus</span> <span class='ocrx_word' id='word_1_196' title='bbox 2014 2713 2311 2793; x_wconf 64' lang='lat' dir='ltr'>iudicum4</span> <span class='ocrx_word' id='word_1_197' title='bbox 2359 2714 2482 2779; x_wconf 91' lang='lat' dir='ltr'>nisi</span> <span class='ocrx_word' id='word_1_198' title='bbox 2528 2733 2743 2781; x_wconf 87' lang='lat' dir='ltr'>eorum</span> <span class='ocrx_word' id='word_1_199' title='bbox 2793 2717 2796 2718; x_wconf 36' lang='lat'><em>*</em></span> <span class='ocrx_word' id='word_1_200' title='bbox 2831 2787 2836 2794; x_wconf 56' lang='grc'>,</span> 
     </span>
     <span class='ocr_line' id='line_1_24' title="bbox 491 2813 2836 2899; baseline 0.001 -20"><span class='ocrx_word' id='word_1_201' title='bbox 491 2814 1048 2899; x_wconf 87' lang='lat' dir='ltr'>proscriptionibus</span> <span class='ocrx_word' id='word_1_202' title='bbox 1095 2817 1156 2880; x_wconf 90' lang='lat' dir='ltr'>et</span> <span class='ocrx_word' id='word_1_203' title='bbox 1200 2815 1455 2897; x_wconf 87' lang='lat' dir='ltr'>rapinis,</span> <span class='ocrx_word' id='word_1_204' title='bbox 1515 2817 1621 2899; x_wconf 88' lang='lat' dir='ltr'>qui</span> <span class='ocrx_word' id='word_1_205' title='bbox 1681 2817 2017 2882; x_wconf 86' lang='lat' dir='ltr'>exactionis</span> <span class='ocrx_word' id='word_1_206' title='bbox 2070 2818 2357 2899; x_wconf 87' lang='lat' dir='ltr'>publicae</span> <span class='ocrx_word' id='word_1_207' title='bbox 2404 2836 2632 2882; x_wconf 89' lang='lat' dir='ltr'>nomen</span> <span class='ocrx_word' id='word_1_208' title='bbox 2675 2813 2744 2882; x_wconf 89' lang='lat' dir='ltr'>in</span> <span class='ocrx_word' id='word_1_209' title='bbox 2831 2826 2836 2832; x_wconf 80' lang='grc'>·</span> 
     </span>
     <span class='ocr_line' id='line_1_25' title="bbox 494 2920 2741 3003; baseline 0.001 -20"><span class='ocrx_word' id='word_1_210' title='bbox 494 2924 782 3000; x_wconf 89' lang='lat' dir='ltr'>quaestus</span> <span class='ocrx_word' id='word_1_211' title='bbox 812 2921 1044 3003; x_wconf 86' lang='lat' dir='ltr'>proprii</span> <span class='ocrx_word' id='word_1_212' title='bbox 1076 2920 1498 2986; x_wconf 90' lang='lat' dir='ltr'>emolumenta</span> <span class='ocrx_word' id='word_1_213' title='bbox 1527 2922 1856 2986; x_wconf 90' lang='lat' dir='ltr'>uerterunt</span> <span class='ocrx_word' id='word_1_214' title='bbox 1880 2925 1942 2985; x_wconf 90' lang='lat' dir='ltr'>et</span> <span class='ocrx_word' id='word_1_215' title='bbox 1972 2921 2347 2987; x_wconf 88' lang='lat' dir='ltr'>indictiones</span> <span class='ocrx_word' id='word_1_216' title='bbox 2371 2922 2741 2987; x_wconf 89' lang='lat' dir='ltr'>tributarias</span> 
     </span>
    </p>

    <p class='ocr_par' dir='ltr' id='par_1_7' title="bbox 428 3022 2743 3105">
     <span class='ocr_line' id='line_1_26' title="bbox 428 3022 2743 3105; baseline 0.002 -19"><span class='ocrx_word' id='word_1_217' title='bbox 428 3048 475 3088; x_wconf 80' lang='lat'>25</span> <span class='ocrx_word' id='word_1_218' title='bbox 491 3025 747 3103; x_wconf 87' lang='lat' dir='ltr'>praedas</span> <span class='ocrx_word' id='word_1_219' title='bbox 793 3040 939 3087; x_wconf 90' lang='lat' dir='ltr'>suas</span> <span class='ocrx_word' id='word_1_220' title='bbox 986 3041 1119 3088; x_wconf 89' lang='lat' dir='ltr'>esse</span> <span class='ocrx_word' id='word_1_221' title='bbox 1166 3023 1492 3100; x_wconf 75' lang='lat' dir='ltr'>fecerunt?</span> <span class='ocrx_word' id='word_1_222' title='bbox 1560 3024 1668 3105; x_wconf 91' lang='lat' dir='ltr'>qui</span> <span class='ocrx_word' id='word_1_223' title='bbox 1713 3024 1782 3088; x_wconf 92' lang='lat' dir='ltr'>in</span> <span class='ocrx_word' id='word_1_224' title='bbox 1840 3022 2322 3089; x_wconf 88' lang='lat' dir='ltr'>similitudinem</span> <span class='ocrx_word' id='word_1_225' title='bbox 2365 3026 2743 3091; x_wconf 89' lang='lat' dir='ltr'>immanium</span> 
     </span>
    </p>
   </div>
   <div class='ocr_carea' id='block_1_4' title="bbox 490 3295 2747 4138">
    <p class='ocr_par' dir='ltr' id='par_1_8' title="bbox 490 3295 2747 4138">
     <span class='ocr_line' id='line_1_27' title="bbox 597 3295 2743 3366; baseline 0.002 -18"><span class='ocrx_word' id='word_1_226' title='bbox 597 3296 626 3347; x_wconf 95' lang='lat'>1</span> <span class='ocrx_word' id='word_1_227' title='bbox 662 3295 991 3365; x_wconf 77' lang='lat' dir='ltr'>cumigrasse</span> <span class='ocrx_word' id='word_1_228' title='bbox 1028 3297 1080 3349; x_wconf 89' lang='lat' dir='ltr'><strong><em>A</em></strong></span> <span class='ocrx_word' id='word_1_229' title='bbox 1115 3297 1212 3351; x_wconf 80' lang='lat' dir='ltr'>secl</span> <span class='ocrx_word' id='word_1_230' title='bbox 1235 3299 1334 3351; x_wconf 83' lang='lat' dir='ltr'>sub</span> <span class='ocrx_word' id='word_1_231' title='bbox 1369 3313 1432 3350; x_wconf 93' lang='lat' dir='ltr'>cu</span> <span class='ocrx_word' id='word_1_232' title='bbox 1457 3297 1586 3351; x_wconf 85' lang='lat' dir='ltr'>add.</span> <span class='ocrx_word' id='word_1_233' title='bbox 1615 3298 1817 3351; x_wconf 76' lang='lat' dir='ltr'>lineola</span> <span class='ocrx_word' id='word_1_234' title='bbox 1840 3315 1908 3351; x_wconf 87' lang='lat' dir='ltr'>m.</span> <span class='ocrx_word' id='word_1_235' title='bbox 1934 3301 1973 3351; x_wconf 78' lang='lat'><em>2</em></span> <span class='ocrx_word' id='word_1_236' title='bbox 1998 3303 2090 3365; x_wconf 78' lang='lat' dir='ltr'>(cf.</span> <span class='ocrx_word' id='word_1_237' title='bbox 2116 3300 2272 3366; x_wconf 81' lang='lat' dir='ltr'>iufra</span> <span class='ocrx_word' id='word_1_238' title='bbox 2293 3306 2341 3364; x_wconf 66' lang='grc' dir='ltr'>ἕ.</span> <span class='ocrx_word' id='word_1_239' title='bbox 2368 3304 2436 3355; x_wconf 89' lang='grc'>30</span> <span class='ocrx_word' id='word_1_240' title='bbox 2472 3316 2743 3354; x_wconf 89' lang='lat' dir='ltr'>cummen-</span> 
     </span>
     <span class='ocr_line' id='line_1_28' title="bbox 493 3380 2741 3453; baseline 0.003 -20"><span class='ocrx_word' id='word_1_241' title='bbox 493 3380 735 3449; x_wconf 84' lang='lat' dir='ltr'>dentur):</span> <span class='ocrx_word' id='word_1_242' title='bbox 790 3382 1052 3451; x_wconf 87' lang='lat' dir='ltr'>migrasse</span> <span class='ocrx_word' id='word_1_243' title='bbox 1089 3384 1143 3436; x_wconf 91' lang='lat' dir='ltr'><em>B</em></span> <span class='ocrx_word' id='word_1_244' title='bbox 1182 3384 1354 3452; x_wconf 76' lang='lat' dir='ltr'>(quod</span> <span class='ocrx_word' id='word_1_245' title='bbox 1391 3384 1650 3446; x_wconf 63' lang='lat' dir='ltr'>libramine</span> <span class='ocrx_word' id='word_1_246' title='bbox 1677 3390 1910 3452; x_wconf 78' lang='lat' dir='ltr'>propter</span> <span class='ocrx_word' id='word_1_247' title='bbox 1946 3385 2185 3453; x_wconf 87' lang='lat' dir='ltr'>migrant</span> <span class='ocrx_word' id='word_1_248' title='bbox 2219 3386 2460 3440; x_wconf 79' lang='lat' dir='ltr'>mutauit</span> <span class='ocrx_word' id='word_1_249' title='bbox 2496 3386 2741 3441; x_wconf 72' lang='lat' dir='ltr'>‘nesciens</span> 
     </span>
     <span class='ocr_line' id='line_1_29' title="bbox 492 3466 2743 3539; baseline 0.003 -19"><span class='ocrx_word' id='word_1_250' title='bbox 492 3466 644 3533; x_wconf 77' lang='lat' dir='ltr'>apud</span> <span class='ocrx_word' id='word_1_251' title='bbox 681 3467 1011 3522; x_wconf 76' lang='lat' dir='ltr'>Saluianum</span> <span class='ocrx_word' id='word_1_252' title='bbox 1046 3470 1186 3522; x_wconf 72' lang='lat' dir='ltr'>nihil</span> <span class='ocrx_word' id='word_1_253' title='bbox 1220 3470 1568 3537; x_wconf 75' lang='lat' dir='ltr'>frequentius</span> <span class='ocrx_word' id='word_1_254' title='bbox 1615 3485 1726 3525; x_wconf 83' lang='lat' dir='ltr'>esse</span> <span class='ocrx_word' id='word_1_255' title='bbox 1761 3485 1924 3539; x_wconf 75' lang='lat' dir='ltr'>quam</span> <span class='ocrx_word' id='word_1_256' title='bbox 1957 3472 2418 3539; x_wconf 75' lang='lat' dir='ltr'>permutationem</span> <span class='ocrx_word' id='word_1_257' title='bbox 2452 3474 2743 3527; x_wconf 80' lang='lat' dir='ltr'>uerborum</span> 
     </span>
     <span class='ocr_line' id='line_1_30' title="bbox 491 3553 2742 3626; baseline 0.003 -21"><span class='ocrx_word' id='word_1_258' title='bbox 491 3553 819 3622; x_wconf 79' lang='lat' dir='ltr'>simplicium</span> <span class='ocrx_word' id='word_1_259' title='bbox 866 3561 914 3609; x_wconf 81' lang='lat' dir='ltr'>et</span> <span class='ocrx_word' id='word_1_260' title='bbox 961 3557 1369 3623; x_wconf 75' lang='lat' dir='ltr'>compositorum</span> <span class='ocrx_word' id='word_1_261' title='bbox 1379 3576 1401 3619; x_wconf 92' lang='lat'>,·</span> <span class='ocrx_word' id='word_1_262' title='bbox 1454 3556 1523 3622; x_wconf 81' lang='lat' dir='ltr'>cf.</span> <span class='ocrx_word' id='word_1_263' title='bbox 1560 3562 1622 3610; x_wconf 77' lang='lat' dir='ltr'>ut</span> <span class='ocrx_word' id='word_1_264' title='bbox 1666 3573 1842 3611; x_wconf 76' lang='lat' dir='ltr'>unum</span> <span class='ocrx_word' id='word_1_265' title='bbox 1887 3562 2105 3614; x_wconf 79' lang='lat' dir='ltr'>tautum</span> <span class='ocrx_word' id='word_1_266' title='bbox 2148 3558 2404 3624; x_wconf 71' lang='lat' dir='ltr'>adferam</span> <span class='ocrx_word' id='word_1_267' title='bbox 2441 3559 2742 3626; x_wconf 72' lang='lat' dir='ltr'>exemplum</span> 
     </span>
     <span class='ocr_line' id='line_1_31' title="bbox 493 3636 2743 3713; baseline 0.004 -24"><span class='ocrx_word' id='word_1_268' title='bbox 493 3636 651 3691; x_wconf 93' lang='lat' dir='ltr'><strong><em>IIII</em></strong></span> <span class='ocrx_word' id='word_1_269' title='bbox 683 3641 793 3692; x_wconf 77' lang='lat'>42:</span> <span class='ocrx_word' id='word_1_270' title='bbox 846 3640 937 3709; x_wconf 89' lang='lat' dir='ltr'>qui</span> <span class='ocrx_word' id='word_1_271' title='bbox 981 3657 1170 3709; x_wconf 82' lang='lat' dir='ltr'>agrum</span> <span class='ocrx_word' id='word_1_272' title='bbox 1220 3642 1413 3695; x_wconf 85' lang='lat' dir='ltr'>excolit</span> <span class='ocrx_word' id='word_1_273' title='bbox 1458 3643 1528 3695; x_wconf 87' lang='lat' dir='ltr'>ad</span> <span class='ocrx_word' id='word_1_274' title='bbox 1574 3642 1671 3696; x_wconf 90' lang='lat' dir='ltr'>hoc</span> <span class='ocrx_word' id='word_1_275' title='bbox 1718 3642 1849 3696; x_wconf 89' lang='lat' dir='ltr'>colit</span> <span class='ocrx_word' id='word_1_276' title='bbox 1886 3648 1937 3697; x_wconf 78' lang='lat' dir='ltr'>ec</span> <span class='ocrx_word' id='word_1_277' title='bbox 1972 3643 2137 3697; x_wconf 72' lang='lat' dir='ltr'>ibid„-</span> <span class='ocrx_word' id='word_1_278' title='bbox 2191 3644 2285 3711; x_wconf 88' lang='lat' dir='ltr'>qui</span> <span class='ocrx_word' id='word_1_279' title='bbox 2321 3644 2482 3698; x_wconf 82' lang='lat' dir='ltr'>initia</span> <span class='ocrx_word' id='word_1_280' title='bbox 2516 3661 2743 3713; x_wconf 87' lang='lat' dir='ltr'>gregum</span> 
     </span>
     <span class='ocr_line' id='line_1_32' title="bbox 490 3721 2608 3796; baseline 0.004 -19"><span class='ocrx_word' id='word_1_281' title='bbox 490 3728 770 3793; x_wconf 83' lang='lat' dir='ltr'>praeparat</span> <span class='ocrx_word' id='word_1_282' title='bbox 806 3726 873 3779; x_wconf 88' lang='lat' dir='ltr'>ad</span> <span class='ocrx_word' id='word_1_283' title='bbox 910 3727 1010 3780; x_wconf 91' lang='lat' dir='ltr'>hoc</span> <span class='ocrx_word' id='word_1_284' title='bbox 1047 3731 1223 3796; x_wconf 84' lang='lat' dir='ltr'>parat)</span> <span class='ocrx_word' id='word_1_285' title='bbox 1396 3728 1594 3782; x_wconf 85' lang='lat' dir='ltr'>maluit</span> <span class='ocrx_word' id='word_1_286' title='bbox 1628 3729 1724 3783; x_wconf 81' lang='lat' dir='ltr'>sed</span> <span class='ocrx_word' id='word_1_287' title='bbox 1759 3729 1778 3781; x_wconf 90' lang='lat' dir='ltr'>i</span> <span class='ocrx_word' id='word_1_288' title='bbox 1806 3721 2004 3796; x_wconf 76' lang='lat' dir='ltr'>puuct-</span> <span class='ocrx_word' id='word_1_289' title='bbox 2043 3735 2092 3784; x_wconf 84' lang='lat' dir='ltr'>et</span> <span class='ocrx_word' id='word_1_290' title='bbox 2116 3746 2156 3784; x_wconf 83' lang='lat'>8.</span> <span class='ocrx_word' id='word_1_291' title='bbox 2183 3745 2285 3785; x_wconf 81' lang='lat' dir='ltr'>scr.</span> <span class='ocrx_word' id='word_1_292' title='bbox 2310 3747 2378 3785; x_wconf 85' lang='lat' dir='ltr'>m.</span> <span class='ocrx_word' id='word_1_293' title='bbox 2404 3734 2444 3785; x_wconf 72' lang='lat'><em>2</em></span> <span class='ocrx_word' id='word_1_294' title='bbox 2479 3748 2516 3784; x_wconf 93' lang='lat' dir='ltr'>n</span> <span class='ocrx_word' id='word_1_295' title='bbox 2552 3732 2608 3786; x_wconf 89' lang='lat' dir='ltr'><strong><em>A</em></strong></span> 
     </span>
     <span class='ocr_line' id='line_1_33' title="bbox 490 3810 2741 3886; baseline 0.004 -22"><span class='ocrx_word' id='word_1_296' title='bbox 490 3810 525 3862; x_wconf 84' lang='lat'>4</span> <span class='ocrx_word' id='word_1_297' title='bbox 558 3812 845 3874; x_wconf 83' lang='lat' dir='ltr'>noncultro</span> <span class='ocrx_word' id='word_1_298' title='bbox 880 3827 1048 3881; x_wconf 82' lang='lat' dir='ltr'>super</span> <span class='ocrx_word' id='word_1_299' title='bbox 1084 3829 1113 3866; x_wconf 94' lang='lat'>0</span> <span class='ocrx_word' id='word_1_300' title='bbox 1151 3814 1281 3867; x_wconf 82' lang='lat' dir='ltr'>add.</span> <span class='ocrx_word' id='word_1_301' title='bbox 1321 3830 1388 3868; x_wconf 88' lang='lat' dir='ltr'>m.</span> <span class='ocrx_word' id='word_1_302' title='bbox 1424 3816 1464 3869; x_wconf 80' lang='lat'><strong><em>2</em></strong></span> <span class='ocrx_word' id='word_1_303' title='bbox 1500 3831 1535 3867; x_wconf 91' lang='lat' dir='ltr'>u</span> <span class='ocrx_word' id='word_1_304' title='bbox 1579 3816 1635 3868; x_wconf 91' lang='lat' dir='ltr'><strong><em>A</em></strong></span> <span class='ocrx_word' id='word_1_305' title='bbox 1842 3815 1875 3869; x_wconf 88' lang='lat'>5</span> <span class='ocrx_word' id='word_1_306' title='bbox 1921 3815 2318 3880; x_wconf 82' lang='lat' dir='ltr'>abhominabile</span> <span class='ocrx_word' id='word_1_307' title='bbox 2352 3817 2447 3871; x_wconf 78' lang='lat' dir='ltr'>sed</span> <span class='ocrx_word' id='word_1_308' title='bbox 2481 3817 2517 3869; x_wconf 89' lang='lat' dir='ltr'><strong>h</strong></span> <span class='ocrx_word' id='word_1_309' title='bbox 2552 3825 2741 3886; x_wconf 75' lang='lat' dir='ltr'>punct.</span> 
     </span>
     <span class='ocr_line' id='line_1_34' title="bbox 491 3897 2746 3968; baseline 0.004 -18"><span class='ocrx_word' id='word_1_310' title='bbox 491 3897 545 3950; x_wconf 93' lang='lat' dir='ltr'><strong><em>A</em></strong></span> <span class='ocrx_word' id='word_1_311' title='bbox 749 3899 783 3953; x_wconf 88' lang='grc'>8</span> <span class='ocrx_word' id='word_1_312' title='bbox 819 3898 1096 3966; x_wconf 85' lang='lat' dir='ltr'>splendore</span> <span class='ocrx_word' id='word_1_313' title='bbox 1129 3901 1185 3953; x_wconf 91' lang='lat' dir='ltr'><strong><em>A</em></strong></span> <span class='ocrx_word' id='word_1_314' title='bbox 1220 3902 1348 3955; x_wconf 79' lang='lat' dir='ltr'>item</span> <span class='ocrx_word' id='word_1_315' title='bbox 1383 3902 1416 3954; x_wconf 88' lang='grc'><strong>9</strong></span> <span class='ocrx_word' id='word_1_316' title='bbox 1451 3917 1666 3956; x_wconf 87' lang='lat' dir='ltr'>romane</span> <span class='ocrx_word' id='word_1_317' title='bbox 1876 3902 1941 3956; x_wconf 91' lang='grc'>10</span> <span class='ocrx_word' id='word_1_318' title='bbox 1976 3902 2152 3956; x_wconf 89' lang='lat' dir='ltr'>nolint</span> <span class='ocrx_word' id='word_1_319' title='bbox 2190 3919 2260 3957; x_wconf 74' lang='lat' dir='ltr'>ex</span> <span class='ocrx_word' id='word_1_320' title='bbox 2287 3903 2479 3958; x_wconf 55' lang='lat' dir='ltr'>,nolent</span> <span class='ocrx_word' id='word_1_321' title='bbox 2514 3905 2570 3968; x_wconf 81' lang='lat' dir='ltr'><strong><em>A</em></strong></span> <span class='ocrx_word' id='word_1_322' title='bbox 2606 3921 2746 3964; x_wconf 81' lang='lat' dir='ltr'>corr.</span> 
     </span>
     <span class='ocr_line' id='line_1_35' title="bbox 494 3986 2745 4057; baseline 0.005 -23"><span class='ocrx_word' id='word_1_323' title='bbox 494 3999 558 4035; x_wconf 89' lang='lat' dir='ltr'>m.</span> <span class='ocrx_word' id='word_1_324' title='bbox 595 3988 635 4038; x_wconf 78' lang='lat'><strong><em>2</em></strong></span> <span class='ocrx_word' id='word_1_325' title='bbox 842 3986 915 4054; x_wconf 91' lang='lat' dir='ltr'>et]</span> <span class='ocrx_word' id='word_1_326' title='bbox 953 3986 1117 4039; x_wconf 87' lang='lat' dir='ltr'>etiam</span> <span class='ocrx_word' id='word_1_327' title='bbox 1155 3987 1209 4039; x_wconf 91' lang='lat' dir='ltr'><em>B</em></span> <span class='ocrx_word' id='word_1_328' title='bbox 1244 3987 1488 4052; x_wconf 71' lang='lat' dir='ltr'>itemhii</span> <span class='ocrx_word' id='word_1_329' title='bbox 1698 3989 1763 4043; x_wconf 86' lang='lat'>15</span> <span class='ocrx_word' id='word_1_330' title='bbox 1815 3988 2100 4057; x_wconf 85' lang='lat' dir='ltr'>bacgaudis</span> <span class='ocrx_word' id='word_1_331' title='bbox 2146 3989 2200 4042; x_wconf 90' lang='lat' dir='ltr'><em>B</em></span> <span class='ocrx_word' id='word_1_332' title='bbox 2305 4051 2310 4056; x_wconf 19' lang='lat'><strong><em>⁴</em></strong></span> <span class='ocrx_word' id='word_1_333' title='bbox 2410 3990 2474 4045; x_wconf 88' lang='grc'>16</span> <span class='ocrx_word' id='word_1_334' title='bbox 2510 3993 2745 4046; x_wconf 88' lang='lat' dir='ltr'>cruentis</span> 
     </span>
     <span class='ocr_line' id='line_1_36' title="bbox 492 4070 2747 4138; baseline 0.004 -15"><span class='ocrx_word' id='word_1_335' title='bbox 492 4084 655 4138; x_wconf 77' lang='lat' dir='ltr'>super</span> <span class='ocrx_word' id='word_1_336' title='bbox 688 4070 710 4123; x_wconf 90' lang='lat' dir='ltr'>i</span> <span class='ocrx_word' id='word_1_337' title='bbox 745 4086 851 4127; x_wconf 81' lang='lat' dir='ltr'>scr.</span> <span class='ocrx_word' id='word_1_338' title='bbox 888 4087 918 4123; x_wconf 93' lang='lat' dir='ltr'>o</span> <span class='ocrx_word' id='word_1_339' title='bbox 955 4088 1022 4128; x_wconf 86' lang='lat' dir='ltr'>m.</span> <span class='ocrx_word' id='word_1_340' title='bbox 1058 4075 1099 4125; x_wconf 82' lang='lat'><strong><em>2</em></strong></span> <span class='ocrx_word' id='word_1_341' title='bbox 1134 4074 1188 4126; x_wconf 95' lang='lat' dir='ltr'><strong><em>A</em></strong></span> <span class='ocrx_word' id='word_1_342' title='bbox 1399 4073 1593 4127; x_wconf 87' lang='lat' dir='ltr'>afflicti</span> <span class='ocrx_word' id='word_1_343' title='bbox 1635 4076 1690 4129; x_wconf 90' lang='lat' dir='ltr'><strong><em>A</em></strong></span> <span class='ocrx_word' id='word_1_344' title='bbox 1726 4090 1767 4129; x_wconf 84' lang='lat'>8.</span> <span class='ocrx_word' id='word_1_345' title='bbox 1804 4075 1838 4128; x_wconf 83' lang='lat' dir='ltr'>l.</span> <span class='ocrx_word' id='word_1_346' title='bbox 1875 4092 1945 4129; x_wconf 86' lang='lat' dir='ltr'>m.</span> <span class='ocrx_word' id='word_1_347' title='bbox 1980 4078 2021 4130; x_wconf 78' lang='lat'><strong><em>2</em></strong></span> <span class='ocrx_word' id='word_1_348' title='bbox 2228 4077 2296 4131; x_wconf 80' lang='lat'>23</span> <span class='ocrx_word' id='word_1_349' title='bbox 2343 4077 2629 4132; x_wconf 84' lang='lat' dir='ltr'>exactionis</span> <span class='ocrx_word' id='word_1_350' title='bbox 2679 4094 2747 4133; x_wconf 78' lang='lat' dir='ltr'>ex</span> 
     </span>
    </p>
   </div>
   <div class='ocr_carea' id='block_1_5' title="bbox 492 4156 2748 4303">
    <p class='ocr_par' dir='ltr' id='par_1_9' title="bbox 492 4156 2748 4303">
     <span class='ocr_line' id='line_1_37' title="bbox 493 4156 2748 4231; baseline 0.003 -22"><span class='ocrx_word' id='word_1_351' title='bbox 493 4156 784 4210; x_wconf 83' lang='lat' dir='ltr'>exactiones</span> <span class='ocrx_word' id='word_1_352' title='bbox 837 4158 893 4210; x_wconf 89' lang='lat' dir='ltr'><strong><em>A</em></strong></span> <span class='ocrx_word' id='word_1_353' title='bbox 945 4173 1082 4212; x_wconf 81' lang='lat' dir='ltr'>corr.</span> <span class='ocrx_word' id='word_1_354' title='bbox 1104 4193 1111 4226; x_wconf 67' lang='lat'><em>3</em></span> <span class='ocrx_word' id='word_1_355' title='bbox 1132 4176 1199 4212; x_wconf 85' lang='lat' dir='ltr'>m.</span> <span class='ocrx_word' id='word_1_356' title='bbox 1235 4163 1274 4213; x_wconf 79' lang='lat'><strong><em>2</em></strong></span> <span class='ocrx_word' id='word_1_357' title='bbox 1478 4161 1546 4215; x_wconf 82' lang='lat'>24</span> <span class='ocrx_word' id='word_1_358' title='bbox 1599 4161 1959 4216; x_wconf 88' lang='lat' dir='ltr'>emulamenta</span> <span class='ocrx_word' id='word_1_359' title='bbox 2010 4164 2067 4217; x_wconf 86' lang='lat' dir='ltr'><strong><em>A</em></strong></span> <span class='ocrx_word' id='word_1_360' title='bbox 2115 4178 2285 4231; x_wconf 76' lang='lat' dir='ltr'>super</span> <span class='ocrx_word' id='word_1_361' title='bbox 2320 4179 2351 4217; x_wconf 83' lang='lat' dir='ltr'>a</span> <span class='ocrx_word' id='word_1_362' title='bbox 2385 4164 2523 4228; x_wconf 71' lang='lat' dir='ltr'>med,</span> <span class='ocrx_word' id='word_1_363' title='bbox 2570 4180 2671 4220; x_wconf 82' lang='lat' dir='ltr'>scr.</span> <span class='ocrx_word' id='word_1_364' title='bbox 2710 4180 2748 4216; x_wconf 91' lang='lat' dir='ltr'>u</span> 
     </span>
     <span class='ocr_line' id='line_1_38' title="bbox 492 4242 1948 4303; baseline 0.005 -8"><span class='ocrx_word' id='word_1_365' title='bbox 492 4257 558 4295; x_wconf 86' lang='lat' dir='ltr'>m.</span> <span class='ocrx_word' id='word_1_366' title='bbox 595 4245 634 4295; x_wconf 82' lang='lat'><em>2</em></span> <span class='ocrx_word' id='word_1_367' title='bbox 841 4242 1192 4299; x_wconf 84' lang='lat' dir='ltr'>tributaritas</span> <span class='ocrx_word' id='word_1_368' title='bbox 1230 4246 1284 4299; x_wconf 90' lang='lat' dir='ltr'><em>B</em></span> <span class='ocrx_word' id='word_1_369' title='bbox 1493 4248 1561 4303; x_wconf 83' lang='lat'>25</span> <span class='ocrx_word' id='word_1_370' title='bbox 1597 4264 1707 4301; x_wconf 86' lang='lat' dir='ltr'>esse</span> <span class='ocrx_word' id='word_1_371' title='bbox 1743 4248 1797 4301; x_wconf 90' lang='lat' dir='ltr'><em>B</em></span> <span class='ocrx_word' id='word_1_372' title='bbox 1833 4263 1874 4301; x_wconf 82' lang='lat'>3.</span> <span class='ocrx_word' id='word_1_373' title='bbox 1914 4250 1948 4303; x_wconf 84' lang='grc' dir='ltr'>Ζ.</span> 
     </span>
    </p>
   </div>
  </div>
 </body>
</html>
