3380 4919
713 278 834 343 132
1681 271 2000 326 Saluiani

713 468 798 530 ut
840 465 1066 549 illius
1121 464 1389 546 inopia
1433 480 1566 528 uos
1610 457 2270 526 honestaremini.
2340 460 2419 523 et
2477 477 2645 523 cum
2691 459 2767 524 in
2813 457 2961 523 for-

708 588 863 646 ma,
908 565 1131 648 inquit,
1179 568 1302 631 dei
1347 567 1597 642 esset,
1642 561 2116 628 humiliauit
2163 561 2682 643 semetipsum
2724 580 2966 645 usque

715 672 806 737 ad
862 671 1221 747 mortem,
1285 670 1618 734 mortem
1678 670 1938 733 autem
1999 662 2282 730 crucis.
2360 665 2472 730 hoc
2515 681 2625 729 nos
2671 663 2968 729 uidelicet

712 773 1002 840 Christus
1067 771 1314 849 imbuit,
1382 790 1524 837 cum
1590 790 1704 853 pre
1766 769 1942 838 nobis
2010 769 2136 834 ista
2192 769 2515 834 toleraret:
2587 767 2969 848 praeclaram

714 877 986 960 passioni
1050 873 1180 941 eius
1239 872 1741 940 uicissitudinem
1794 870 2108 938 reddimus
2153 872 2278 954 qui,
2339 889 2480 937 cum
2524 875 2727 936 morte
2771 869 2966 952 ipsius
3007 889 3034 930 ⁵

713 979 1203 1062 redemptionem
1249 976 1689 1059 acceperimuS‚
1736 977 1934 1041 uitam
1967 976 2025 1043 ei
2072 976 2501 1058 turpissimam
2545 989 2964 1057 repensamus,

713 1081 1091 1165 apparuit
1123 1080 1357 1159 enim,
1390 1079 1595 1163 inquit
1625 1080 2030 1161 beatissimus
2062 1080 2315 1154 Paulus,
2362 1079 2629 1162 gratia
2674 1078 2967 1144 domini

715 1186 967 1252 nostri
1026 1186 1201 1250 Iesu
1258 1182 1592 1261 Christi,
1662 1183 2029 1248 erudiens
2085 1200 2256 1260 noS,
2324 1186 2406 1247 ut
2467 1180 2966 1267 abnegantes

713 1289 1215 1371 impietatem
1266 1292 1341 1353 et
1385 1288 1830 1354 saecularia
1882 1285 2285 1353 desideria
2328 1285 2592 1350 sobrie
2637 1287 2713 1349 et
2755 1285 2968 1351 iuste

715 1394 795 1458 et
838 1395 963 1476 pie
1006 1392 1366 1459 uiuamus
1412 1390 1485 1455 in
1534 1391 1678 1456 hoc
1722 1389 2066 1468 saeculo,
2116 1391 2618 1470 expectantes
2662 1386 3037 1453 beatamm

715 1514 935 1578 spem
981 1497 1057 1560 et
1101 1494 1520 1561 aduentum
1576 1494 1890 1575 gloriae
1934 1491 2197 1574 magni
2239 1492 2360 1555 dei
2409 1495 2482 1556 et
2526 1490 2967 1556 saluatoris

715 1601 976 1664 nostri
1046 1601 1233 1664 Iesu
1306 1596 1655 1675 Christi,
1732 1598 1860 1679 qui
1931 1594 2155 1661 dedit
2230 1594 2754 1675 semetipsum
2826 1612 2966 1675 pro

713 1701 975 1781 nobie,
1051 1702 1134 1766 ut
1205 1718 1346 1766 nos
1418 1701 1850 1767 redimeret
1925 1698 2014 1765 ab
2091 1697 2298 1765 omni
2375 1697 2814 1779 iniquitate
2887 1701 2965 1764 et

718 1804 1136 1870 mundaret
1183 1802 1342 1867 sibi
1386 1802 1763 1886 populum
1810 1801 2426 1884 acceptabilem,
2485 1802 2967 1866 sectatorem

613 1908 696 1974 28
715 1911 1089 1974 bonorum
1135 1924 1464 1988 operum.
1527 1904 1639 1970 ubi
1682 1909 1830 1971 sunt
1860 1906 1968 1988 qui
2014 1905 2167 1970 haec
2213 1903 2468 1983 faciant,
2513 1905 2763 1986 propter
2809 1922 2965 1987 quae
2983 1926 3036 1968 15

715 2010 965 2077 uenisse
1012 2009 1331 2076 Christum
1378 2010 1695 2091 apostolus
1740 2007 1939 2074 dicit?
1983 2008 2092 2073 ubi
2142 2011 2288 2073 sunt
2331 1988 2440 2089 qui
2485 2005 2789 2097 desideria
2831 2025 2966 2072 sae-

718 2115 843 2180 culi
892 2113 1140 2198 fugiant
1184 2114 1290 2179 ubi
1335 2113 1443 2197 qui
1487 2111 1693 2178 uitam
1735 2113 1837 2195 pie
1869 2130 1940 2177 ac
1983 2111 2147 2177 iuste
2193 2113 2389 2195 agant
2433 2106 2674 2192 ubi-qui
2719 2127 2965 2192 sperare

717 2237 782 2283 se
844 2236 1016 2300 spem
1085 2216 1331 2283 beatam
1399 2216 1578 2281 bonis
1645 2215 1933 2300 operibus
2000 2215 2331 2282 ostendant
2390 2215 2453 2279 et
2496 2216 2967 2280 immaculatam

717 2322 918 2387 uitam
988 2324 1238 2402 agentes
1305 2321 1424 2385 hoc
1489 2320 1623 2404 ipso
1682 2337 1747 2383 se
1803 2319 2068 2401 probent
2123 2337 2385 2402 regnum
2446 2317 2546 2383 dei
2592 2320 2962 2400 exspectare,

718 2425 866 2510 quia
910 2425 1231 2491 merentur
1261 2424 1578 2509 accipere?
1621 2424 1816 2499 uenit,
1862 2422 2090 2507 inquit,
2136 2423 2419 2490 dominus
2456 2423 2630 2488 Iesus
2661 2420 3037 2501 Christus,2o

716 2533 804 2596 ut
876 2528 1292 2594 mundaret
1365 2526 1523 2592 sibi
1594 2528 1965 2611 populum
2039 2527 2645 2608 acceptabilem,
2720 2521 2964 2591 secta-

616 2633 963 2699 29torem
1030 2633 1401 2698 bonorum
1466 2648 1802 2714 operum.
1880 2629 1987 2694 ubi
2055 2630 2148 2695 est
2212 2630 2479 2715 populus
2531 2630 2641 2695 ille
2697 2630 2964 2695 mundus

719 2734 824 2802 ubi
868 2733 1131 2818 populus
1174 2732 1570 2815 acceptabilis
1585 2782 1603 2816 ‚
1650 2732 1758 2799 ubi
1802 2733 2066 2815 populus
2115 2733 2259 2797 boni
2302 2734 2505 2815 operis
2549 2731 2659 2798 ubi
2702 2733 2966 2817 populus

718 2835 1117 2902 sanctitatis?
1185 2834 1590 2920 ChristuS,
1634 2836 1838 2918 inquit
1867 2836 2193 2920 scriptura,
2239 2854 2373 2921 pro
2418 2836 2642 2902 nobis
2686 2854 2965 2919 passus

718 2944 861 3019 est,
931 2939 1365 3020 exemplum
1431 2938 1656 3003 nobis
1724 2937 2177 3022 relinquens
2246 2943 2329 3004 ut
2387 2957 2799 3022 sequamur
2842 2957 3036 3004 ue-25

719 3043 834 3109 sti
845 3043 974 3126 gia
1019 3042 1214 3106 eius.
1273 3040 1571 3106 uidelicet
1615 3039 1886 3125 uestigia
1930 3040 2265 3107 saluatoris
2310 3044 2625 3125 sequimur
2669 3042 2738 3107 in
2783 3042 2963 3108 circis

719 3146 985 3231 uestigia
1049 3143 1380 3211 saluatoris
1447 3144 1766 3228 sequimur
1821 3144 1888 3208 in
1948 3144 2236 3211 theatris.
2313 3146 2439 3210 tale
2501 3145 2680 3210 nobis
2722 3145 2965 3210 scilicet

719 3248 1006 3315 Christus
1050 3247 1305 3331 reliquit
1353 3248 1723 3330 exemplum,
1770 3266 1955 3331 quem
1989 3246 2233 3312 fleuisse
2276 3247 2544 3330 legimus
2587 3246 2797 3316 risisse
2842 3266 2964 3312 non

716 3352 1006 3435 legimus.
1082 3352 1148 3416 et
1190 3350 1308 3415 hoc
1351 3353 1687 3433 utrumque
1732 3369 1843 3432 pro
1887 3349 2085 3430 nobis,
2145 3352 2292 3433 quia
2334 3351 2518 3416 fletus
2568 3352 2963 3436 compunctio

721 3457 817 3521 est
861 3456 1106 3521 animae
1150 3453 1309 3519 risus
1353 3453 1661 3536 corruptio
1708 3453 2099 3535 disciplinae.
2175 3458 2240 3519 et
2285 3454 2421 3519 ideo
2466 3452 2754 3520 dicebat:
2820 3472 3037 3520 uaeso

927 3669 954 3721 1
993 3665 1133 3720 Phil.
1160 3641 1210 3733 2,
1238 3667 1272 3721 8
1411 3667 1442 3721 7
1479 3665 1588 3720 Tit..
1611 3666 1661 3732 2,
1689 3640 1753 3720 11
1891 3666 1960 3720 24
1995 3666 2023 3719 1
2049 3665 2166 3720 Pet.
2190 3666 2241 3736 2,
2267 3667 2332 3721 21
2471 3667 2541 3721 30
2575 3666 2699 3722 Luc.
2723 3668 2773 3733 c,
2800 3668 2882 3720 25.
2900 3666 2964 3719 21

824 3865 852 3916 1
908 3877 1005 3916 uos
1057 3862 1110 3915 A
1162 3862 1259 3918 sed
1302 3879 1370 3917 m.
1416 3878 1523 3917 rec.
1569 3880 1606 3917 u
1650 3868 1785 3918 mut.
1834 3864 1897 3918 in
1940 3862 1992 3916 N
2211 3865 2249 3919 4
2299 3862 2551 3919 Christus
2602 3864 2657 3919 Β
2702 3879 2746 3921 ε.
2792 3864 2828 3917 l.

718 3948 752 4002 6
787 3949 1209 4018 etturpissimam
1243 3950 1340 4005 sed
1369 3950 1558 4019 priore
1592 3953 1619 4005 t
1654 3954 1787 4005 mut.
1823 3951 1886 4004 in
1919 3950 1940 4004 i
1974 3950 2054 4005 A:
2092 3951 2457 4021 turpissimam
2497 3951 2639 4019 (sinc
2663 3951 2735 4015 ei)
2773 3949 2827 4004 Β

719 4036 754 4089 8
790 4037 853 4089 ut
885 4035 942 4089 Β
974 4050 1016 4090 s.
1053 4035 1089 4091 Ζ.
1297 4038 1360 4091 11
1409 4035 1611 4091 domini
1657 4036 1863 4105 gloriae
1908 4036 1963 4091 Β
2171 4038 2238 4091 15
2276 4052 2413 4106 quae
2448 4036 2504 4091 A
2537 4054 2608 4094 m.
2642 4039 2684 4092 2
2715 4053 2757 4091 s.
2792 4036 2829 4092 Ζ.

724 4121 789 4174 19
825 4120 1052 4189 probent
1088 4122 1142 4176 A
1179 4127 1231 4175 et
1253 4120 1544 4177 aiuinauit
1566 4122 1993 4178 mxcv-museus:
2041 4121 2325 4191 perhibent
2360 4122 2414 4177 B
2606 4123 2678 4178 20
2713 4085 2997 4179 christus.

720 4205 872 4261 Iesus
910 4206 965 4260 Β
1169 4205 1237 4261 25
1272 4205 1425 4262 nobis
1460 4206 1757 4276 exemplum
1792 4208 1844 4261 Β
2048 4208 2118 4263 28
2152 4207 2379 4277 reliquid
2414 4209 2469 4262 Β

722 4461 733 4474 4

298 4537 315 4558 ,χι

272 4559 293 4590 ,3

932 4693 1127 4816 “x
