3380 4919
671 320 755 386 82
1484 348 1487 351 Ἴ
1640 315 1961 373 Saluiani

673 506 1060 575 merentibus
1117 508 1411 591 praestat-
1481 504 1537 569 si
1583 503 1753 569 enim
1797 503 2031 587 sanctis
2077 505 2141 567 et
2184 504 2339 569 bene
2381 502 2625 567 meritis
2668 501 2933 584 praesti-

674 611 890 691 tisset,
934 629 1058 676 non
1103 609 1435 675 uidebatur
1479 625 1636 691 quae
1681 625 1807 672 non
1854 604 2155 673 debuerat
2195 601 2582 688 praestitisse
2624 605 2735 690 sed
2779 623 2935 689 quae

675 714 973 781 debuerat
1013 712 1384 779 reddidisse.
1455 711 1607 793 quid
1651 727 1816 795 ergo⁴
1846 728 1958 777 nos
2002 725 2112 792 pro
2159 707 2264 773 his
2306 707 2591 774 omuibus
2634 707 2934 774 retribui-

674 835 815 885 mus
847 817 951 882 uel
977 816 1188 899 potius
1220 814 1370 900 quid
1399 813 1746 881 retribuere
1783 811 2130 879 debemus?
2172 812 2450 894 primum
2480 810 2725 877 scilicet
2752 810 2935 891 illud,

676 919 839 1004 quod
897 920 1295 987 beatissimus
1351 917 1658 1001 propheta
1716 918 1781 982 et
1842 915 2063 982 debere
2115 933 2183 981 se
2228 917 2295 979 et
2351 913 2747 982 redditurum
2806 930 2938 980 esse
2981 931 3009 973 ε

675 1024 948 1090 testatur
1005 1022 1248 1089 dicens:
1307 1020 1498 1104 quid
1551 1017 2003 1103 retribuam
2047 1018 2354 1084 domino
2397 1037 2529 1101 pro
2573 1017 2938 1083 omnibus

678 1147 872 1210 quae
916 1125 1308 1193 retribuit
1353 1124 1598 1191 mihi?
1645 1123 1977 1190 calicem
2020 1121 2404 1188 salutaris
2436 1122 2817 1206 accipiam
2860 1121 2940 1186 et

573 1227 952 1301 50nomen
999 1231 1292 1297 domini
1334 1229 1740 1295 inuocabo.
1809 1228 2016 1311 prima
2060 1243 2205 1310 ergo
2248 1226 2402 1292 haec
2442 1226 2773 1291 retributio
2821 1228 2935 1309 est,

679 1337 753 1399 ut
795 1334 1066 1399 mortem
1108 1334 1312 1399 morte
1365 1333 1702 1398 reddamus
1758 1350 1831 1397 ac
1886 1349 2000 1414 pro
2045 1349 2135 1410 eo,
2195 1328 2304 1413 qui
2358 1331 2644 1394 mortuus
2687 1328 2786 1395 est
2825 1347 2937 1412 pro

680 1437 879 1520 nobis,
925 1454 1035 1502 nos
1080 1437 1425 1501 moriamur
1469 1453 1699 1509 omnes,
1747 1435 2003 1501 tametsi
2032 1433 2292 1499 minoris
2323 1433 2523 1497 multo
2552 1431 2743 1514 pretii
2771 1449 2939 1498 mors
2956 1450 3009 1492 ιο

614 1542 615 1545 ’
682 1542 896 1605 nostra
941 1540 1037 1604 est
1080 1557 1270 1622 quam
1314 1556 1446 1604 sua.
1509 1555 1630 1618 quo
1675 1536 1749 1603 fit
1788 1536 1880 1617 ut,
1929 1536 2176 1604 etiamsi
2207 1540 2474 1600 mortem
2506 1534 2940 1621 suscipiamus,

683 1644 970 1709 debitum
1014 1645 1229 1707 tamen
1272 1659 1399 1706 non
1441 1641 1859 1707 exsoluamus.
1921 1641 2031 1706 sed
2061 1643 2273 1705 tamen
2305 1638 2452 1722 quia
2478 1640 2682 1704 maius
2712 1638 2968 1703 referre¹

684 1764 810 1812 non
836 1764 1184 1830 possumus
1224 1746 1432 1811 totum
1460 1745 1717 1810 reddere
1748 1744 2056 1824 uidemur,
2101 1744 2157 1808 si
2187 1744 2394 1810 totum
2425 1743 2586 1826 quod
2615 1760 2941 1825 possumus

581 1848 662 1914 51
684 1850 940 1915 reddere
986 1850 1338 1915 reddamus.
1404 1849 1617 1930 itaque
1658 1848 1883 1932 prima,
1928 1849 2003 1914 ut
2046 1847 2191 1923 dixi,
2250 1848 2405 1912 haec
2448 1844 2780 1912 redhibitio
2825 1847 2941 1909 est.

686 1954 955 2018 secunda
1000 1953 1211 2018 autem
1253 1953 1347 2032 ut,
1393 1953 1447 2017 si
1489 1950 1774 2017 debitum
1803 1954 2006 2017 morte
2049 1969 2173 2017 non
2216 1949 2539 2028 soluimus,
2585 1948 2690 2014 uel
2734 1966 2945 2014 amore
2962 1966 3013 2009 ιε

688 2056 1030 2122 soluamus.
1099 2075 1246 2122 nam
1291 2055 1427 2139 ipse
1471 2055 1748 2121 saluator
1791 2054 1949 2135 ideo,
1995 2056 2070 2120 ut
2106 2055 2197 2119 ait
2238 2054 2576 2137 apostolus,
2623 2051 2942 2117 moriendo

687 2178 799 2242 pro
842 2161 1019 2228 nobis
1065 2158 1495 2225 commendare
1521 2158 1808 2224 omnibus
1853 2158 2058 2225 uoluit
2103 2157 2429 2223 caritatem
2472 2174 2672 2234 suam,
2716 2157 2791 2221 ut
2833 2172 2944 2220 uos

582 2258 584 2261 ’
687 2265 769 2329 ad
812 2263 1186 2347 reddendam
1232 2263 1460 2347 pietati
1503 2264 1721 2329 tantae
1762 2261 2265 2328 uicissitudinem
2320 2261 2579 2345 pietatis
2623 2277 2772 2324 suae
2814 2260 2946 2324 tra-

687 2368 866 2434 heret
930 2369 1230 2451 exemplo.
1304 2370 1367 2432 et
1427 2367 1594 2458 sicut
1660 2365 1803 2431 illas
1872 2369 2130 2432 naturae
2198 2364 2601 2431 admirabiles
2668 2380 2947 2448 gemmas

686 2471 919 2552 ferunt,
965 2491 1121 2554 quae
1163 2471 1324 2538 ferro
1367 2472 1620 2555 propius
1670 2471 1959 2536 admotae
1989 2469 2396 2536 durissimum
2441 2469 2590 2534 licet
2635 2466 2946 2532 chalibem
2963 2484 3017 2526 ao

686 2575 916 2641 affectu
959 2576 1137 2659 quasi
1181 2575 1461 2661 spirante
1490 2574 1899 2656 suspendunt,
1945 2574 2040 2638 ita
2076 2574 2272 2638 etiam
2303 2574 2432 2654 ille,
2478 2573 2541 2637 id
2574 2575 2669 2635 est
2697 2588 2946 2636 summa

688 2681 753 2744 et
797 2679 1144 2745 clarissima
1187 2697 1518 2762 regnorum
1564 2677 1933 2743 caelestium
1975 2694 2249 2760 gemma,
2294 2676 2411 2742 hoc
2456 2674 2700 2739 scilicet
2742 2672 2949 2739 uoluit

688 2783 778 2861 ut,
824 2782 975 2847 dum
1020 2800 1087 2847 se
1131 2781 1281 2846 licet
1324 2781 1678 2847 durissimis
1724 2782 1899 2848 nobis
1945 2780 2324 2847 descendens
2371 2778 2446 2844 de
2482 2778 2649 2843 caelo
2694 2776 2946 2860 propius

688 2884 1077 2967 adiungeret,
1145 2883 1399 2950 affectui
1465 2903 1577 2949 suo
1631 2902 1744 2950 nos
1801 2884 1980 2965 quasi
2046 2884 2273 2949 amoris
2330 2881 2430 2947 sui
2488 2880 2777 2947 manibus
2836 2879 2949 2945 ad·-

689 2990 990 3069 moueret‚
1056 2987 1132 3052 ut
1188 2989 1595 3072 agnoscentes
1659 2986 1880 3069 utique
1946 2985 2107 3050 dona
2171 3004 2285 3052 sua
2344 3003 2416 3050 ac
2483 2984 2781 3051 beneficia
2844 2983 2942 3048 in-
2965 3002 3018 3045 πε

776 3145 781 3152 ’
896 3157 929 3211 6
964 3157 1110 3211 Psal.
1149 3155 1264 3224 115,
1303 3157 1370 3211 12

798 3313 826 3367 1
883 3312 1126 3368 rue-*bus
1171 3315 1411 3381 praestat
1461 3314 1519 3367 A
1723 3314 1759 3367 5
1810 3314 2068 3384 propheta
2101 3313 2154 3367 ei
2188 3311 2381 3367 debere
2433 3311 2489 3365 Β
2694 3310 2728 3364 9
2781 3310 2953 3363 morte

690 3398 858 3453 morti
893 3416 962 3455 ex
994 3403 1167 3454 morte
1201 3402 1378 3453 morte
1411 3401 1466 3453 A
1501 3414 1642 3456 corr.
1676 3415 1749 3454 m.
1784 3403 1820 3454 2
2015 3398 2130 3470 qui]
2167 3398 2312 3469 quod
2345 3398 2401 3452 Β
2609 3396 2678 3450 13
2712 3393 2952 3450 redibere

693 3491 850 3555 (post
884 3490 1188 3557 possumus)
1225 3485 1284 3539 B
1478 3482 1548 3539 14
1581 3484 1887 3556 reddamus]
1926 3485 2074 3555 quod
2107 3485 2173 3540 in
2208 3484 2327 3540 edd.
2364 3489 2500 3538 ante
2528 3482 2818 3537 Halmium
2852 3496 2952 3549 ap-

688 3577 851 3640 paret
895 3588 1143 3627 curamus
1190 3571 1533 3627 Brassicano
1585 3571 1812 3626 debetur
1860 3572 1957 3641 qui
1998 3572 2079 3626 sic
2122 3571 2345 3639 scripsit
2387 3570 2452 3624 in
2495 3585 2607 3623 ras.
2644 3568 2797 3624 uocis
2828 3567 2951 3622 red-

691 3658 884 3711 damus
927 3658 992 3712 im
1036 3675 1073 3713 v
1275 3656 1533 3712 redibitio
1582 3672 1652 3712 ea>
1697 3655 1960 3712 redebitio
2002 3658 2057 3710 A
2092 3671 2231 3711 corr.
2268 3673 2339 3711 m.
2375 3658 2416 3710 2
2469 3654 2723 3710 redibitio
2758 3653 2815 3708 Β

695 3744 761 3798 17
807 3744 983 3797 uoluit
1028 3744 1279 3798 omnibus
1327 3743 1384 3798 Β
1422 3781 1427 3790 ·
1601 3744 1670 3798 18
1713 3743 1906 3812 pietati
1952 3745 2142 3798 tantae
2186 3741 2620 3797 uicissitudinem
2664 3740 2954 3797 Halmium

693 3828 953 3895 pietatem
998 3830 1156 3897 tante
1200 3827 1596 3884 uicissitudinis
1640 3845 1713 3884 ex
1757 3829 2017 3897 pietatem
2062 3831 2216 3883 tante
2259 3827 2689 3883 uicissitudinem
2722 3827 2780 3881 A
2815 3841 2956 3881 corr.

693 3929 764 3968 m.
799 3916 836 3969 2
899 3913 1158 3982 pietatem
1202 3916 1364 3969 tauta
1407 3914 1783 3985 uicissitudine
1829 3914 1888 3968 Β
1934 3914 2041 3983 (cf.
2095 3915 2188 3970 VI
2223 3917 2301 3970 27
2346 3915 2671 3983 praeclaram
2719 3912 2956 3983 passioni

695 3998 812 4053 eius
845 3998 1280 4055 uicissitudinem
1313 4000 1599 4056 reddimus'
1636 4000 1919 4070 Halmius)
2138 4001 2205 4057 19
2241 4002 2494 4070 exemplo.
2531 4003 2589 4055 et
2623 4016 2724 4055 om.
2760 3999 2817 4054 Β

698 4084 1037 4143 admirabiles
1072 4105 1144 4144 ex
1180 4089 1337 4144 -bilis
1372 4090 1430 4144 A
1463 4105 1600 4146 corr.
1632 4105 1711 4160 yn.
1748 4091 1789 4143 2
1840 4088 2201 4144 ammirabiles
2235 4088 2292 4143 Β
2498 4087 2569 4143 20
2603 4088 2850 4143 admotae
2885 4101 2959 4142 ecc

696 4172 923 4244 admon
956 4174 1014 4229 A
1048 4190 1191 4240 corr,
1225 4192 1294 4238 m.
1333 4178 1374 4231 2
1482 4195 1487 4198 ·
1576 4176 1645 4231 22
1678 4175 1994 4231 caelestium
2029 4176 2250 4231 flamma
2282 4190 2497 4245 gemma
2531 4174 2589 4230 B
2795 4172 2869 4229 24
2901 4189 2959 4228 a·

700 4258 867 4314 fectui
899 4260 996 4317 alt.
1032 4261 1059 4315 f
1090 4275 1135 4315 s.
1169 4276 1277 4320 scr.
1308 4277 1379 4317 m.
1404 4263 1446 4316 2
1477 4261 1535 4316 A
1587 4260 1786 4317 affectu
1819 4261 1876 4316 Β
2083 4263 2169 4318 sui
2203 4262 2259 4317 A
2291 4277 2337 4319 s.
2361 4262 2398 4318 1.
2433 4277 2503 4316 m.
2529 4265 2562 4316 1

160 4561 170 4581 Ι.
348 4457 837 4638 α

166 4585 199 4602 ,0—

228 4613 261 4627 ιι-
838 4621 839 4626 ,

836 4639 859 4654 -ι-

860 4655 881 4678 ιἸ
