3380 4919
682 312 813 379 260
1661 308 1977 362 Saluiani

681 519 892 567 rerum
950 499 1327 564 breuitatem
1391 498 1454 564 et
1499 498 1855 563 futurarum
1914 497 2377 575 aeternitatem,
2441 516 2631 579 quam
2675 516 2946 581 paruum

681 605 851 670 istud
898 622 1083 685 quam
1128 604 1363 686 grande
1407 601 1596 679 illud;
1657 602 2002 684 cogitantes
2051 618 2291 682 quoque
2338 600 2626 666 futurum
2669 601 2945 669 iudicem

680 710 744 771 et
788 707 1092 772 tremendi
1151 705 1366 772 iudicii
1426 723 1649 789 graues
1714 704 1935 782 exime,
2000 705 2319 769 ardentem
2366 706 2433 769 in
2477 705 2681 770 medio
2740 724 2942 789 popu-

680 810 884 875 lorum
947 809 1491 874 circumstantium
1551 807 1784 874 uallem
1844 809 2205 888 perennium
2269 808 2689 891 lacrimarum,
2754 827 2944 892 quam

679 931 803 978 non
865 915 1067 978 solum
1127 911 1375 977 introiri
1438 915 1624 995 atque
1683 912 1939 977 tolerari
1999 911 2456 983 inaestimabile
2501 930 2573 976 ac
2619 931 2942 979 summum
2986 935 3022 976 r>

678 1015 951 1093 malum,
1022 1015 1133 1081 sed
1199 1015 1390 1081 etiam
1458 1014 1655 1080 uideri
1715 1033 1786 1079 ac
1850 1015 2062 1080 timeri
2114 1033 2254 1098 pars
2315 1016 2467 1081 mali
2528 1017 2762 1081 summi
2823 1015 2939 1094 sit3

570 1117 660 1183 48
681 1121 1025 1201 cogitantes
1087 1136 1344 1200 quoque,
1408 1117 1572 1183 inter
1615 1116 1770 1185 haec
1813 1118 2119 1183 horrenda
2164 1122 2226 1183 et
2271 1117 2712 1200 poenalissima
2754 1137 2941 1201 prae-

681 1222 846 1287 clara
889 1221 1002 1286 illa
1044 1239 1114 1287 ac
1159 1220 1542 1303 beatissima,
1590 1238 1781 1285 nouos
1814 1221 2060 1286 scilicet
2092 1221 2297 1289 caelos
2326 1224 2389 1286 et
2421 1224 2655 1287 terram
2689 1239 2939 1305 nouam,

679 1326 932 1391 uultum
977 1343 1186 1391 rerum
1231 1325 1512 1388 omnium
1556 1324 1996 1406 pulchriorem,
2056 1328 2379 1391 aeternum
2424 1325 2712 1391 iustitiae
2758 1325 2938 1390 habi-

677 1428 979 1506 taculum,
1035 1446 1247 1494 recens
1308 1427 1655 1493 aedificium
1722 1432 2166 1505 creaturarum,
2228 1446 2447 1493 aureas
2508 1447 2691 1511 super
2750 1429 2939 1495 rudes
2959 1456 3020 1494 ιο·

681 1534 880 1601 caelos
928 1534 1289 1597 sanctorum
1335 1531 1616 1595 omnium
1661 1531 1901 1605 domus,
1950 1531 2128 1596 aulas
2159 1531 2426 1613 gemmis
2471 1531 2937 1599 intermicanti-

676 1634 796 1699 bus
859 1634 1156 1715 expolitas
1221 1638 1282 1698 et
1344 1634 1776 1699 inmortalium
1835 1635 2245 1701 metallorum
2310 1635 2554 1718 fulgore
2612 1636 2936 1718 pretiosas,

677 1740 897 1829 lucem*
948 1738 1082 1803 illic
1148 1738 1438 1820 septuplo
1506 1738 1931 1805 inlustriorem
1998 1739 2257 1821 puniceo
2318 1757 2559 1823 semper
2614 1738 2939 1821 splendore

677 1841 1058 1921 radiantem,
1122 1842 1575 1907 beatitudinem
1634 1842 2060 1908 ineffabilibus
2121 1843 2294 1908 bonis
2356 1843 2641 1923 diuitem,
2704 1843 2939 1909 laetam

680 1964 823 2010 cum
895 1945 1114 2010 incolis
1188 1944 1316 2009 suis
1389 1945 1884 2029 perennitatem,
1964 1946 2460 2027 patriarcharum
2533 1944 2933 2025 consortium,
2957 1973 3016 2015 1⁵

678 2046 1122 2132 prophetarum
1155 2049 1544 2126 societatem,
1579 2049 2007 2131 apostolorum
2039 2049 2543 2133 germanitatem,
2591 2053 2939 2131 martyrum

681 2151 1054 2234 dignitatem
1116 2155 1177 2216 et
1238 2151 1305 2215 in
1364 2150 1654 2217 omnibus
1715 2153 1950 2217 sanctis
2012 2154 2378 2235 angelorum
2436 2151 2935 2230 similitudinem,

680 2275 868 2341 opum
913 2255 1281 2320 caelestium
1328 2256 1588 2339 copiam,
1646 2254 2015 2321 deliciarum
2072 2255 2503 2321 inmortalium
2550 2254 2936 2334 afluentiam,

572 2358 659 2425 49
681 2346 1072 2429 communem
1110 2378 1253 2425 cum
1299 2361 1410 2423 deo
1457 2357 1678 2423 uitam.
1755 2358 1910 2423 haec
1955 2359 2165 2442 itaque
2200 2359 2549 2442 cogitantes
2594 2359 2749 2423 baec
2794 2377 2938 2426 con-

678 2464 1057 2546 templantes
1104 2464 1183 2527 ad
1228 2463 1471 2528 cultum
1515 2462 1835 2546 religionis
1874 2481 2084 2527 sacrae
2114 2462 2512 2545 officiumque
2545 2463 3016 2544 confugimusso

677 2585 939 2651 eumque
984 2566 1157 2632 nobis
1204 2565 1283 2630 ad
1329 2564 1662 2630 obtinenda
1706 2565 1860 2632 haec
1907 2560 2067 2634 bona
2118 2565 2589 2648 suffragatorem
2645 2567 2939 2649 quodam-

677 2671 858 2736 modo
920 2669 984 2733 et
1041 2669 1417 2736 aduocatum
1463 2667 1927 2733 efficacissimae
1971 2667 2426 2736 intercessionis
2474 2668 2935 2750 adsumpsimus

678 2778 865 2860 atque
930 2773 998 2838 in
1071 2772 1202 2836 eius
1268 2789 1380 2836 nos
1452 2772 1907 2858 protectionem
1976 2791 2050 2836 ac
2115 2772 2528 2854 patrocinium
2602 2772 2940 2837 ambitiosa

677 2876 1038 2942 humilitate
1084 2874 1482 2940 contulimus.

571 2998 660 3064 50
763 2996 875 3061 XI.
945 2996 1123 3062 Vnde
1191 3014 1330 3061 cum
1409 2996 1565 3062 haec
1638 2998 1820 3063 tanta
1886 2999 1952 3063 et
2018 2997 2501 3081 cogitauerimus
2570 2995 2808 3078 pariter
2870 2997 3012 3063 etse

679 3098 1072 3181 petierimus,
1134 3097 1459 3166 uideamus
1521 3118 1686 3165 nunc
1731 3103 1796 3165 et
1835 3103 2258 3183 expendamus
2304 3099 2819 3182 diligentissime,
2879 3099 2937 3162 si

678 3204 776 3272 est
817 3203 921 3268 uel
965 3204 1032 3267 in
1078 3203 1322 3272 actibus
1369 3205 1595 3270 nostris
1641 3205 1745 3269 uel
1786 3206 1853 3272 in
1899 3204 2296 3288 substantiis,
2355 3205 2518 3270 unde
2564 3205 2718 3270 haec
2758 3206 2938 3271 tanta

679 3326 717 3374 a
761 3305 872 3374 deo
921 3326 1122 3374 emere
1169 3308 1496 3388 possimus.
1571 3310 1734 3390 quod
1779 3310 1832 3373 si
1878 3328 2001 3374 non
2049 3312 2166 3386 est,
2214 3327 2347 3386 cur,
2390 3328 2557 3390 roge,
2604 3325 2726 3373 non
2769 3326 2937 3373 unus

677 3409 938 3492 quisque
998 3414 1282 3477 nostrum
1340 3413 1546 3475 totum
1605 3429 1717 3493 pro
1763 3431 1828 3478 se
1874 3411 2094 3478 offerat
2138 3412 2303 3494 quod
2347 3411 2558 3490 babet,
2621 3411 2767 3494 quia
2810 3428 2938 3475 non

676 3514 880 3595 potest
939 3513 1144 3580 totum
1205 3512 1423 3582 offerre
1484 3518 1648 3596 quod
1694 3514 1920 3581 debet?
1988 3515 2256 3580 maxime
2302 3534 2443 3580 cum
2487 3516 2762 3581 saluator
2806 3515 3014 3597 ipsese·

780 3720 810 3771 1
858 3735 1045 3788 parum
1093 3718 1221 3774 add.
1258 3736 1328 3774 m.
1366 3723 1401 3773 2
1453 3736 1542 3773 um
1579 3720 1635 3772 A
1686 3736 1875 3789 parum
1910 3719 1964 3772 Β
2066 3789 2070 3794 ,
2155 3719 2938 3782 5introire—t01erare—ui-

677 3805 1075 3859 dere—timere
1109 3823 1175 3860 m.
1202 3811 1235 3860 1
1269 3807 1300 3860 b
1491 3807 1521 3859 7
1559 3822 1706 3875 poen.
1745 3807 1855 3859 alia
1877 3805 2006 3859 haec
2029 3808 2299 3876 praeclara
2323 3813 2396 3861 ac*
2420 3808 2501 3863 ed.
2528 3806 2799 3860 Baluziws

679 3890 746 3944 10
780 3890 957 3961 rudes]
994 3892 1124 3959 fort.
1158 3893 1476 3960 profundum
1512 3897 1571 3947 at
1599 3893 1672 3960 cf.
1702 3892 1835 3947 Ind.
1863 3893 1967 3945 111
2140 3893 2206 3947 13
2240 3892 2593 3946 illustriorem
2620 3908 2689 3946 ex
2711 3892 2934 3946 inlustr.

677 3993 818 4032 corr.
842 3993 910 4030 m.
934 3980 975 4030 2
998 3978 1052 4031 Β
1205 3978 1268 4031 18
1291 3978 1605 4032 afluentiam
1628 3977 1737 4034 AB
1762 3981 1836 4043 (et
1856 3978 1937 4032 sic
1959 3976 2077 4042 fere
2099 3978 2299 4047 ubique
2321 3977 2425 4044 cfr.
2450 3979 2569 4033 ΙΙΙ
2587 3982 2670 4034 45.
2701 3980 2795 4047 50)

677 4061 746 4117 20
781 4062 1054 4130 religionis
1090 4063 1146 4118 A
1181 4065 1318 4133 (non
1351 4070 1414 4119 ut
1449 4064 1604 4132 apud
1640 4064 1929 4120 Halmium
1964 4064 2267 4137 adnotatur
2301 4065 2564 4134 regionis)¹
2742 4066 2810 4120 26
2847 4082 2939 4121 ex-

677 4146 968 4224 pendamus
1003 4165 1045 4202 3.
1084 4166 1246 4218 expen
1279 4165 1384 4203 scr.
1409 4166 1479 4204 m.
1503 4153 1543 4202 2
1577 4153 1701 4206 aten
1738 4150 1791 4203 Β
1975 4149 2421 4219 diligentissimae
2458 4153 2512 4207 A
2702 4152 2768 4205 27
2805 4152 2940 4208 haec

674 4236 835 4288 tanta
870 4235 940 4301 Α,
987 4250 1047 4288 ac
1081 4237 1139 4302 (s.
1164 4251 1266 4290 scr.
1303 4235 1440 4289 talia
1472 4252 1541 4292 m.
1564 4239 1626 4301 2)
1665 4239 1819 4290 tanta
1854 4237 1908 4290 Β
1955 4237 2091 4292 talia
2126 4253 2187 4291 ac
2223 4239 2380 4292 tanta
2415 4238 2495 4292 ed.
2527 4237 2800 4294 Baluzius
