3380 4919
1255 1046 1680 1145 LIBER
1750 1047 1892 1146 VI.

536 1323 586 1389 Ι.
654 1322 1068 1391 Personaliter
1141 1325 1251 1391 diu*
1319 1324 1515 1390 locuti
1584 1341 1803 1392 sumus
1872 1325 1937 1389 et
2011 1325 2339 1395 excessisse
2414 1324 2698 1395 uidemur
2722 1325 2760 1392 1·

454 1426 731 1506 regulam
792 1426 1170 1509 disputandi.
1247 1425 1482 1510 cogitat
1540 1427 1707 1495 enim
1766 1425 1997 1509 absque
2057 1426 2242 1494 dubio
2289 1426 2343 1490 is
2390 1428 2497 1509 qui
2542 1427 2702 1511 legit

462 1530 536 1612 (si
581 1528 773 1601 fuerit
816 1531 1027 1601 tamen
1073 1529 1318 1612 aliquis,
1364 1529 1471 1612 qui
1501 1529 1655 1597 haec
1685 1528 1924 1596 christi
1968 1548 2178 1599 amore
2226 1531 2577 1612 conscripta
2621 1532 2699 1598 ob

416 1629 771 1701 schristum
824 1633 1046 1718 legat),
1112 1632 1350 1717 cogitat
1398 1636 1480 1703 de
1522 1652 1624 1703 me
1681 1632 1845 1701 forte
1901 1634 2002 1698 uel
2061 1633 2254 1705 dicit:
2321 1649 2465 1705 eum
2512 1649 2699 1702 causa

454 1734 755 1818 generalis
823 1735 926 1813 sit,
991 1754 1180 1825 quam
1247 1737 1618 1820 exsequitur,
1689 1735 1839 1820 quid
1895 1737 2145 1821 negotio
2201 1737 2350 1805 huic
2407 1735 2694 1814 contulit,

453 1841 612 1922 quod
654 1840 721 1909 in
764 1856 1093 1922 personam
1162 1841 1346 1909 unius
1415 1842 1591 1908 tanta
1647 1841 2012 1926 congessit?
2079 1845 2208 1909 esto
2252 1875 2337 1891 --
2379 1840 2698 1922 putaueris

453 1942 618 2008 enim
646 1979 732 1990 —-
763 1942 892 2021 ille,
937 1943 1015 2008 de
1045 1960 1163 2025 quo
1192 1943 1440 2011 locutus
1471 1947 1585 2022 est,
1632 1944 1785 2011 talis
1828 1944 1946 2010 sit:
1990 1944 2101 2011 sed
2146 1943 2452 2025 numquid
2497 1942 2700 2011 officit

454 2044 721 2116 bonitati
776 2044 961 2115 unius
1016 2046 1247 2113 crimen
1306 2046 1585 2126 alteriue,
1658 2051 1787 2125 aut,
1855 2049 2018 2129 quod.
2060 2046 2285 2115 fortius
2333 2047 2532 2113 multo
2581 2046 2693 2124 est,

390 2173 437 2213 10
452 2146 750 2230 numquid
794 2147 1060 2215 laeditur
1105 2151 1335 2215 scelere
1379 2151 1688 2233 personali
1733 2168 1926 2217 causa
1965 2148 2377 2219 cunctorum?
2444 2152 2764 2232 possum2
2801 2148 2804 2151 ’

452 2253 700 2335 quidem
736 2251 1129 2319 euidentibus
1173 2252 1552 2319 testimoniis
1577 2253 1938 2335 adprobare,
1974 2253 2120 2335 quia
2148 2252 2435 2321 laeditur.
2491 2251 2698 2320 thar

453 2353 621 2419 enim
688 2355 998 2437 quondam
1057 2354 1132 2421 de
1191 2354 1590 2422 anathemate
1658 2356 1979 2438 quippiam
2047 2355 2215 2423 furto
2282 2355 2567 2433 abstulit,
2635 2357 2698 2420 et

451 2458 684 2527 crimen
751 2458 935 2527 unius
999 2458 1272 2526 hominis
1326 2461 1516 2543 plaga
1568 2461 1847 2526 omnium
1891 2459 2030 2525 fuit.
2107 2456 2320 2526 Dauid
2384 2459 2698 2526 numerari

452 2561 697 2643 plebem
740 2560 1203 2630 Israheliticam
1259 2562 1472 2640 iussit,
1526 2563 1597 2632 et
1653 2580 1927 2628 errorem
1969 2561 2140 2628 illius
2185 2561 2474 2627 dominus
2519 2559 2696 2627 clade

391 2684 435 2726 ιε
452 2665 641 2729 totius
706 2667 919 2748 populi
986 2667 1344 2732 uindicauit.
1413 2667 1722 2749 Rapsaces
1786 2666 2031 2732 locutus
2101 2666 2404 2749 quaedam
2472 2664 2566 2729 est
2630 2664 2698 2728 in

453 2768 890 2835 contumeliam
946 2769 1074 2844 dei,
1135 2773 1199 2834 et
1242 2784 1523 2833 cnxxxv
1566 2769 1892 2834 hominum
1935 2768 2111 2833 milia
2153 2769 2358 2852 strage
2413 2764 2698 2850 perculit,

453 2872 611 2954 quod
651 2872 836 2936 unius
866 2871 1107 2954 profani
1139 2871 1406 2937 hominis
1436 2891 1655 2954 procax
1687 2873 1905 2952 lingua
1935 2869 2271 2938 maledixit.
2318 2869 2382 2934 et
2412 2870 2547 2934 ideo
2577 2886 2700 2934 non

450 2974 762 3040 immerito
839 2976 1025 3040 etiam
1102 2974 1324 3040 beatus
1395 2976 1715 3056 apostolus
1788 2975 2022 3040 Paulus
2096 2972 2215 3038 eici
2287 2972 2362 3037 de
2437 2971 2700 3039 ecclesia

450 3078 847 3161 pestilentem
894 3078 1070 3162 iubet
1113 3081 1176 3143 et
1219 3096 1328 3143 cnr
1372 3078 1583 3143 iubeat
1631 3078 1905 3142 ostendit
1951 3077 2189 3142 dicens:
2236 3076 2421 3159 quia
2465 3075 2698 3141 modi-

388 3194 616 3245 aocum
663 3179 1127 3246 fermentum
1176 3181 1422 3246 totam
1468 3199 1795 3247 massam
1827 3180 2292 3263 corrumpat.
2356 3179 2521 3244 unde
2565 3178 2699 3244 eui-

453 3283 668 3354 denter
733 3284 1128 3367 agnoscimus
1187 3285 1378 3350 etiam
1433 3302 1628 3352 unum
1690 3284 2051 3366 saepissime
2097 3283 2338 3352 malum
2380 3282 2701 3352 hominem

655 3489 716 3543 11
754 3488 915 3543 Ione
950 3488 981 3542 7
1121 3488 1187 3542 13
1222 3488 1282 3543 11
1316 3487 1448 3557 Bag.
1482 3487 1565 3542 24-
1694 3489 1760 3542 15
1791 3488 1897 3543 Isa.
1937 3485 2005 3541 36
2144 3486 2209 3540 19
2244 3487 2273 3541 1
2309 3485 2427 3541 Cor.
2466 3486 2516 3552 5,
2552 3487 2586 3541 6

553 3656 584 3710 7
629 3658 987 3728 impersonam
1030 3659 1112 3725 A3
1164 3658 1308 3713 idem
1351 3660 1538 3714 statim
1583 3661 1695 3713 esto
1744 3675 1813 3713 ex
1860 3662 1981 3713 estu
2023 3673 2159 3714 corr.
2195 3674 2265 3712 m.
2300 3660 2338 3711 2
2537 3659 2699 3727 puta·

450 3743 592 3797 ueris
629 3743 925 3813 (putauerit
956 3761 1029 3799 vn.
1065 3747 1124 3809 2)
1174 3744 1331 3798 -talis
1366 3746 1442 3799 sit
1476 3747 1554 3800 A:
1607 3747 1694 3800 est
1729 3744 1886 3799 ·talis
1924 3744 1979 3799 B
2013 3743 2195 3813 (Est03
2242 3743 2518 3813 putaueris
2555 3743 2698 3798 enim

451 3829 558 3897 ille,
595 3830 660 3884 de
697 3846 802 3899 que
831 3836 927 3884 etc.
962 3831 1315 3899 interpunxit
1347 3832 1631 3896 Halmium)
1840 3832 1909 3885 10
1942 3830 2175 3885 laeditur
2201 3846 2282 3886 -οω
2316 3830 2430 3884 13&
2464 3832 2519 3884 A
2556 3846 2696 3888 corr.

449 3930 516 3968 m.
545 3918 599 3982 2,
635 3915 785 3970 idem
816 3916 1004 3970 statim
1035 3916 1184 3971 Acha
1221 3932 1287 3971 ex
1322 3916 1497 3971 Achar
1705 3917 1770 3971 16
1806 3929 2033 3973 cmxxxv
2067 3917 2346 3972 hominum
2378 3942 2434 3972 a·
2468 3919 2600 3986 (ras.
2635 3918 2703 3973 in

450 4000 546 4066 fin.
576 4001 694 4058 lin.
736 4007 798 4057 ct
838 4001 904 4057 in
947 4018 1118 4073 mary.
1165 4001 1344 4057 adeor.
1380 4018 1447 4057 m.
1482 4004 1765 4059 recentis-3.
1813 4003 1991 4073 milia)
2024 4004 2106 4059 At
2160 4005 2377 4059 centum
2422 4004 2701 4075 octoginta

449 4088 683 4156 quinque
716 4087 869 4143 milia
902 4087 1180 4143 hominum
1231 4088 1282 4142 B
1489 4089 1553 4143 19
1590 4088 1675 4143 cni
1711 4104 1755 4144 s.
1792 4089 1814 4142 i
1847 4103 1948 4145 scr.
1987 4107 2015 4144 r
2049 4107 2115 4144 m.
2154 4092 2195 4145 2
2229 4092 2284 4144 A
2490 4091 2696 4160 iubeat]

448 4172 599 4227 iubet
649 4172 705 4227 B
939 4174 1011 4228 20
1061 4174 1352 4242 corrumpit
1403 4174 1458 4229 B
1697 4173 1839 4228 unde
1883 4176 1939 4231 A
1981 4180 2039 4229 et
2086 4178 2223 4230 coni.
2261 4175 2702 4232 Rittershusiust

449 4258 573 4314 inde
605 4259 661 4316 B
