3380 4919
691 328 812 394 136
1649 326 1968 381 Saluiani

581 516 666 583 39
780 516 951 582 VIIL
1013 515 1132 582 Sed
1177 515 1474 583 uidelicet
1517 519 1876 600 responderi
1921 516 2034 583 hoe
2090 520 2317 600 potest,
2377 536 2496 585 non
2540 520 2607 584 in
2653 520 2939 585 omnibus

685 620 836 685 haee
878 621 1301 686 Romanorum
1366 621 1622 686 urbibus
1688 621 1809 703 agi.
1883 640 2104 685 uerum
2170 627 2296 686 est:
2369 622 2558 688 etiam
2626 624 2768 704 plus
2827 641 2939 705 ogo

682 723 864 800 addo,
911 742 988 787 ne
1032 722 1168 788 illio
1214 723 1462 805 quidem
1509 741 1678 788 nune
1722 724 1844 806 agi,
1905 723 2014 786 ubi
2069 742 2314 807 semper
2359 728 2498 790 acta
2543 725 2693 790 sunt
2737 729 2937 790 antea.

683 843 808 890 non
864 826 1032 890 enim
1085 825 1201 889 hoo
1254 825 1464 908 agitur
1518 826 1647 891 iam
1702 824 1771 890 in
1827 826 2430 908 Mogontiaeensium
2484 827 2773 904 ciuitate,
2831 831 2938 893 sed

685 927 831 1009 quia
875 930 1074 993 excisa
1118 930 1307 1011 atque
1351 930 1558 993 deleta
1601 931 1730 994 est:
1777 946 1897 993 non
1938 930 2151 1013 agitur
2183 930 2585 1013 Agrippinae,
2634 931 2743 995 sed
2791 931 2939 1013 quia
2982 955 3009 996 5

685 1029 968 1095 hostibus
1013 1030 1230 1113 plena:
1280 1049 1400 1095 non
1434 1031 1643 1113 agitur
1672 1031 1738 1096 in
1772 1032 2182 1098 Treuerorum
2212 1033 2366 1097 urbe
2396 1033 2936 1112 excellentissima,

685 1136 793 1198 sed
837 1133 985 1214 quia
1031 1134 1425 1218 quadruplici
1470 1139 1568 1199 est
1612 1137 1929 1201 euersione
1970 1141 2316 1218 prostrata:
2361 1156 2484 1202 non
2515 1136 2728 1220 agitur
2758 1137 2937 1201 deni-

577 1234 801 1318 40que
847 1237 913 1300 in
974 1237 1260 1319 plurimis
1304 1236 1650 1303 Galliarum
1714 1239 1973 1304 urbibus
2032 1240 2096 1303 et
2137 1239 2604 1322 Hispaniarum.
2683 1243 2744 1303 et
2802 1239 2938 1305 ideo

684 1358 799 1404 uae
867 1339 1043 1403 nobis
1113 1342 1298 1422 atque
1366 1343 1805 1424 iniquitatibus
1874 1345 2103 1408 nostris
2173 1363 2288 1408 uae
2351 1344 2524 1408 nobis
2583 1343 2770 1425 amus
2813 1342 2954 1406 im-‘

683 1444 1059 1525 puritabibus
1104 1445 1349 1509 nostris.
1429 1464 1584 1528 quae
1627 1465 1763 1529 spes
1808 1443 2180 1510 Christianis
2227 1446 2513 1530 plebibus
2561 1448 2706 1511 ante
2753 1446 2937 1510 deum
2960 1467 3012 1506 ιο

684 1552 781 1611 est
825 1549 1323 1631 quandoquidem
1367 1568 1439 1614 ex
1482 1549 1593 1614 illo
1640 1550 1705 1613 in
1751 1549 2008 1614 urbibus
2054 1550 2353 1615 Romanis
2403 1551 2554 1614 haee
2600 1550 2771 1613 mala
2812 1567 2937 1613 non

683 1652 851 1729 sunt,
900 1670 971 1715 ex
1016 1669 1134 1733 quo
1178 1653 1244 1716 in
1291 1652 1697 1717 barbarorum
1745 1654 1877 1717 iure
1925 1672 2056 1718 esse
2102 1654 2479 1736 coeperunt?
2555 1671 2626 1716 ae
2671 1671 2781 1734 per
2824 1652 2938 1715 hoc

684 1753 1002 1818 uitiositas
1047 1757 1109 1818 et
1155 1757 1482 1836 impuritas
1523 1757 1697 1837 quasi
1728 1755 2115 1838 germanitas
2146 1756 2450 1837 quaedam
2482 1758 2578 1820 est
2608 1755 2937 1819 hominum

685 1857 1104 1922 Romanorum
1165 1861 1227 1921 et
1285 1860 1461 1940 quasi
1517 1878 1696 1922 mens
1755 1862 1940 1940 atque
1989 1860 2230 1938 natura,
2289 1860 2438 1941 quia
2479 1859 2569 1925 ibi
2613 1858 2939 1940 praecipuo

579 1955 663 2020 41
687 1960 848 2024 uitia
902 1960 1276 2043 ubicumque
1325 1963 1604 2027 Romani.
1678 1965 1786 2027 sed
1846 1964 2060 2046 grauis
2121 1964 2203 2026 sit
2247 1961 2512 2026 forsitan
2555 1962 2705 2026 haee
2749 1964 2936 2041 atque
2959 1986 3010 2027 15

688 2063 904 2144 iniqua
959 2064 1347 2144 conquestio:
1393 2065 1603 2147 grauis
1649 2064 1946 2145 profecto,
2008 2065 2062 2129 si
2107 2065 2285 2130 falsa.
2362 2072 2426 2130 at
2472 2063 2793 2146 quomodo,
2841 2063 2937 2126 in-

687 2166 845 2247 quiS,
893 2166 1194 2247 quomodo
1243 2185 1363 2231 non
1410 2167 1588 2245 falsa,
1639 2186 1783 2232 eum
1826 2169 1895 2232 in
1937 2168 2151 2251 paucis
2198 2186 2363 2233 nunc
2406 2168 2598 2231 ferme
2642 2166 2938 2232 Romanis

685 2268 943 2334 urbibus
988 2269 1144 2333 fiant
1188 2271 1327 2347 ista,
1376 2289 1532 2351 quae
1582 2271 1896 2336 diximus?
1941 2272 2242 2353 plurimas
2287 2277 2497 2336 autem
2546 2271 2669 2334 iam
2716 2269 2935 2332 harum

685 2373 1128 2454 impuritatum
1173 2374 1310 2437 labe
1357 2394 1480 2439 non
1524 2374 1744 2456 pollui,
1792 2376 1899 2440 ubi
1945 2375 2092 2440 lieet
2134 2375 2263 2439 sint
2307 2376 2445 2439 loca
2474 2375 2615 2454 ipsa
2643 2391 2714 2437 ao
2739 2371 2939 2436 domi-

687 2476 836 2541 cilia
901 2478 1122 2542 erroris
1187 2478 1449 2560 antiqui,
1522 2469 1918 2561 nequaquam
1985 2484 2196 2544 tamen
2262 2481 2530 2562 agantur
2586 2477 2717 2556 illa,
2787 2494 3011 2558 quaeso

791 2716 817 2768 1
873 2715 1180 2784 responderi
1237 2732 1304 2769 ex
1355 2716 1673 2785 respondere
1726 2718 1781 2771 A
1827 2732 1966 2771 corr.
2014 2733 2085 2770 m.
2120 2721 2152 2770 1
2205 2716 2358 2783 (fort.
2416 2717 2571 2771 scrib.
2626 2713 2942 2783 respondere

683 2803 850 2870 potes,
889 2807 951 2855 ut
976 2807 1241 2872 eonyruat
1276 2804 1425 2857 loeus
1451 2820 1574 2857 eum
1597 2804 1776 2858 altero
1801 2810 1849 2867 §2
1875 2808 1977 2857 41:
2014 2806 2088 2857 At
2125 2804 2403 2872 quomodo,
2444 2803 2643 2872 inquis,
2678 2799 2940 2871 quomodo

684 2904 790 2940 non
826 2887 965 2940 falsa
1001 2887 1106 2952 efr.
1147 2887 1222 2942 ad
1256 2888 1390 2942 ΠΠ
1418 2893 1491 2943 66
1695 2890 1732 2943 4
1764 2890 2285 2958 maguntiacensium
2321 2889 2376 2942 Β
2572 2890 2606 2943 5
2639 2888 2859 2942 ‘excissa
2897 2886 2947 2939 T

684 2973 835 3027 haud
887 2974 994 3027 seio
1049 2990 1124 3027 am
1178 2974 1337 3028 reete’
1392 2975 1657 3029 Halmius
1816 2964 1820 2967 ’
1951 2976 2133 3045 agitur
2188 2981 2339 3040 (ante
2391 2975 2740 3044 Agrippinae)
2798 2972 2940 3026 enim

686 3058 743 3112 Β
947 3060 980 3112 6
1015 3060 1071 3112 in
1109 3059 1450 3115 addidimusz
1499 3078 1599 3116 om.
1637 3061 1748 3114 AB
1767 3062 2029 3116 Halmius
2066 3064 2217 3129 (post
2253 3062 2595 3115 Treuerorum
2630 3059 2790 3114 habet
2825 3058 2943 3111 Ba-

683 3144 918 3212 lwzius);
961 3145 1062 3211 cfr.
1099 3162 1222 3199 eum
1251 3149 1427 3214 paulo
1463 3154 1590 3202 ante
1627 3148 1685 3202 in
1722 3148 2242 3217 Mogontiaoensium
2279 3148 2501 3201 ciuitate
2536 3151 2653 3200 tum
2686 3152 2735 3209 ἕ.
2769 3148 2842 3199 76
2877 3144 2944 3198 de

682 3230 853 3285 isdem
894 3232 1183 3286 Treueris.-
1220 3234 1276 3285 in
1313 3232 1592 3287 Gallorum
1629 3234 2074 3288 excellentissima
2109 3234 2240 3288 urbe
2414 3233 2444 3285 7
2482 3232 2576 3301 qui
2611 3248 2652 3285 s,
2677 3247 2775 3285 ser.
2803 3247 2872 3284 m.
2903 3233 2945 3284 2

683 3336 717 3371 a
751 3319 805 3370 A
1001 3320 1036 3373 8
1072 3319 1398 3387 implurimis
1434 3321 1488 3372 A
1678 3321 1902 3374 urbibus
1940 3320 2240 3375 Galliarum
2274 3320 2329 3373 Β
2521 3318 2555 3372 9
2592 3320 2751 3386 atque
2790 3321 2943 3383 (ante

684 3406 902 3472 impur.)
949 3405 1004 3458 Β
1050 3421 1092 3459 s.
1130 3406 1165 3458 l.
1375 3405 1442 3459 10
1493 3406 1738 3475 plebibus
1791 3411 1872 3462 est
1924 3409 2050 3460 ante
2106 3407 2263 3460 deum
2317 3406 2372 3459 Β
2424 3406 2519 3460 sed
2563 3407 2647 3458 est
2691 3420 2732 3459 8.
2771 3404 2805 3457 l.

688 3492 752 3544 12
797 3491 1083 3546 barbarum
1125 3508 1166 3545 s,
1205 3508 1308 3547 ser.
1355 3508 1415 3545 or
1458 3510 1526 3548 m.
1563 3496 1604 3547 2
1638 3494 1689 3548 A
1902 3493 1968 3547 14
2014 3492 2371 3547 Romanorum
2422 3491 2700 3545 hominum
2752 3490 2807 3543 Β

684 3579 877 3631 natura
910 3580 967 3630 A
999 3594 1041 3631 s.
1079 3579 1110 3631 l.
1148 3595 1218 3632 m.
1244 3584 1292 3646 1,
1329 3585 1392 3633 ut
1428 3579 1544 3633 uid.
1756 3580 1821 3634 15
1863 3582 2026 3648 afique
2061 3580 2117 3633 Β
2150 3595 2193 3635 s.
2232 3579 2267 3633 l.
2477 3576 2541 3631 16
2578 3576 2809 3644 profecto
2846 3590 2944 3628 om.

685 3663 739 3715 Β
932 3664 996 3717 19
1031 3665 1327 3732 inpurissate
1362 3665 1417 3718 Β
1601 3666 1803 3733 ‘pollui.
1838 3666 2061 3720 uidetur
2094 3666 2323 3720 uerbum
2358 3664 2551 3729 deesse,
2586 3662 2736 3716 unde
2770 3662 2944 3716 oratio

685 3750 905 3817 obliqua
938 3749 1213 3816 pendeat,
1259 3751 1413 3804 uelut
1457 3752 1748 3805 uideamus'
1795 3752 2060 3806 Halmius
2073 3794 2085 3817 ‚
2133 3753 2224 3805 eui
2265 3751 2525 3806 assentiri
2559 3749 2746 3803 malim
2781 3764 2945 3816 quam

686 3834 948 3888 Har-telio
995 3836 1092 3903 qui
1138 3851 1204 3889 ex
1248 3837 1429 3905 inquis
1474 3837 1605 3902 fort.
1656 3838 1893 3891 affirmas
1926 3839 2017 3891 uel
2054 3840 2163 3892 tale
2199 3837 2334 3905 quid
2366 3835 2735 3905 supplendum
2762 3839 2945 3903 putat,

686 3917 832 3987 quod
877 3924 1060 3973 tamen
1096 3938 1132 3974 a
1169 3921 1429 3975 Saluiam
1461 3922 1735 3977 scribendi
1778 3924 1997 3977 ratione
2032 3923 2275 3977 alienum
2311 3939 2423 3976 esse
2455 3922 2789 3984 censuerim,-
2840 3920 2945 3984 cfr.

689 4021 790 4059 nos
813 4005 1113 4061 Sitz.-Ber.
1133 4023 1192 4075 p.
1223 4010 1326 4069 263
1360 4024 1514 4062 nune
1536 4010 1747 4064 malim:
1785 4009 1904 4061 fieri
1944 4010 2109 4076 (quod
2135 4008 2303 4073 facile
2328 4024 2394 4061 ex
2418 4008 2518 4061 fiat
2544 4008 2685 4061 oriri
2700 4010 2943 4075 poterat)

688 4091 796 4145 ista
830 4106 963 4159 quae
998 4092 1230 4148 diximus
1266 4093 1622 4167 (uideamus),
1656 4095 1800 4150 conl.
1834 4100 1885 4159 §-
1907 4099 1980 4149 95
2015 4094 2288 4149 uideamus
2325 4110 2458 4161 quae
2493 4095 2631 4147 fiant
2803 4094 2946 4146 anti·

688 4179 783 4246 qui
818 4177 885 4233 ex
920 4179 1142 4249 antique
1177 4180 1232 4233 A
1267 4196 1406 4236 corr.
1439 4197 1508 4234 m.
1533 4185 1575 4235 2
1780 4182 1849 4234 20
1883 4184 2116 4249 agantur
2150 4182 2243 4235 sed
2278 4197 2321 4234 s.
2358 4197 2389 4233 a
2423 4180 2560 4235 med.
2596 4196 2698 4233 ser.
2729 4195 2798 4233 m.
2835 4182 2873 4233 2
2907 4195 2945 4231 u

608 4295 614 4301 -
688 4266 751 4331 A,
806 4268 1038 4335 agantur
1072 4267 1126 4320 Β

139 4457 995 4829 Γ»
