3380 4919
610 290 693 355 26
1586 289 1901 343 Saluiani
2007 357 2018 368 .

610 480 720 562 qui
794 497 1061 544 errorem
1135 478 1628 562 supradictorum
1703 478 1924 543 statim
1997 478 2061 542 in
2135 477 2266 561 ipso
2343 498 2522 562 opere
2594 478 2864 561 puniuit,

613 600 725 647 nec
768 583 938 665 prins
984 600 1179 665 paene
1226 587 1322 647 est
1367 586 1695 664 peractum
1741 582 1979 647 facinus
2024 583 2414 664 peccantium
2474 601 2663 664 quam
2708 583 2866 648 ulci-

613 688 886 752 sceretur
932 705 1128 769 poena
1170 687 1516 768 peccatum.
1608 685 1897 767 quamuis
1943 703 2063 750 non
2108 685 2176 750 id
2236 687 2486 751 tantum
2529 688 2593 751 in
2639 687 2755 750 hac
2800 704 2865 750 re

509 788 593 853 52
613 791 826 853 actum
871 788 956 853 sit
998 790 1108 854 sed
1153 790 1348 854 etiam
1390 789 1593 853 multa
1638 787 1786 853 alia.
1863 806 2005 852 cum
2050 787 2216 853 enim
2261 789 2326 853 in
2376 789 2505 853 illis
2551 793 2701 854 tunc
2743 805 2866 853 non

610 911 790 957 mens
833 891 1028 975 impia
1072 893 1179 957 sed
1222 890 1495 956 facilitas
1540 890 1810 956 nimium
1840 891 2194 956 inconsulta
2238 892 2459 974 punita
2503 893 2605 972 sit,
2655 891 2864 956 decla·
2907 909 2934 951 5

611 993 779 1059 rauit
821 994 1099 1076 profecto
1157 993 1475 1076 dominus,
1535 1012 1654 1074 quo
1714 992 2019 1075 supplicio
2077 993 2257 1077 digni
2312 998 2520 1060 essent
2566 995 2672 1076 qui
2719 1012 2867 1058 con-

609 1098 857 1179 temptu
902 1095 1252 1161 diuinitatis
1296 1095 1535 1177 aliquid
1581 1096 2009 1175 admitterent,
2056 1097 2299 1178 qnando
2346 1096 2540 1162 etiam
2581 1097 2679 1162 illi
2725 1115 2867 1180 per-

614 1198 780 1264 cussi
824 1218 862 1264 a
905 1199 1017 1262 deo
1065 1203 1292 1277 essent,
1341 1199 1448 1280 qui
1480 1199 1611 1264 sola
1640 1201 1869 1264 mentis
1901 1199 2456 1266 inconsideratione
2489 1202 2866 1284 peccassent,

611 1305 721 1367 aut
766 1321 955 1384 quam
997 1301 1092 1366 rei
1139 1305 1347 1368 essent
1376 1303 1485 1384 qui
1531 1303 1745 1367 contra
1774 1301 2118 1368 iussionem
2164 1303 2402 1368 domini
2431 1305 2526 1368 sui
2571 1303 2865 1381 facerent,

612 1423 755 1470 cum
804 1406 995 1470 etiam
1037 1405 1139 1470 illi
1183 1405 1396 1471 taliter
1441 1405 1882 1486 plecterentur,
1931 1404 2038 1486 qui
2069 1404 2304 1470 iniussa
2333 1405 2644 1472 fecissent.
2688 1398 2867 1488 por‘ro
2883 1423 2935 1464 ιο

611 1510 823 1575 autem
869 1510 1058 1574 etiam
1103 1528 1174 1573 ex
1217 1508 1335 1573 hoc
1381 1508 1698 1572 consulere
1760 1509 1911 1572 deus
1957 1508 2164 1573 uoluit
2205 1512 2456 1574 nostrae
2500 1509 2869 1574 correctioni

612 1630 719 1695 per
766 1630 1085 1677 censuram
1134 1611 1401 1677 salubris
1449 1610 1746 1693 exempli,
1805 1613 1878 1675 ut
1937 1628 2154 1676 omnes
2211 1610 2358 1677 laici
2408 1611 2865 1695 intellegerent,

611 1718 915 1794 quantum
975 1714 1137 1778 iram
1195 1714 1294 1778 dei
1358 1715 1581 1778 timere
1629 1713 1960 1792 deberent,
2020 1731 2163 1778 cum
2219 1731 2257 1778 a
2312 1714 2619 1796 praesenti
2674 1733 2870 1797 poena

609 1817 772 1882 filios
820 1816 1160 1882 sacerdotis
1218 1834 1333 1882 nec
1377 1817 1679 1881 meritum
1723 1818 2002 1899 parentis
2048 1816 2314 1900 eriperet
2356 1835 2470 1880 nec
2527 1815 2865 1881 ministerii

506 1919 590 1985 53
611 1920 773 1985 sacri
816 1919 1221 2002 priuilegium
1267 1919 1637 1986 uindicaret.
1684 1923 1790 1984 sed
1822 1919 1970 2001 quid
2004 1937 2114 2002 ego
2162 1918 2238 1983 de
2270 1919 2368 1983 his
2400 1919 2556 1998 dic0,
2604 1938 2934 2002 quorumus

610 2020 1133 2087 inconsiderantia
1202 2021 1656 2103 quodammodo
1726 2023 1912 2086 deum
1981 2021 2196 2105 tetigit
2263 2025 2324 2086 et
2391 2022 2469 2087 ad
2535 2023 2868 2094 caelestem

610 2124 915 2189 iniuriam
943 2123 1361 2191 redundauit?
1404 2125 1606 2189 Maria
1653 2128 1871 2189 contra
1894 2124 2153 2208 Moysen
2184 2123 2464 2206 loquitur
2496 2135 2559 2189 et
2587 2125 2865 2207 punitur,

608 2245 722 2292 nec
751 2226 1017 2309 punitur
1048 2230 1300 2295 tantum
1344 2228 1450 2292 sed
1496 2227 1758 2311 punitur
1802 2247 1973 2293 more
2002 2228 2236 2293 iudicii.
2284 2229 2559 2309 primum
2591 2230 2757 2295 enim
2787 2228 2867 2292 ad

609 2328 915 2395 iudicium
960 2332 1238 2409 uocatur,
1288 2330 1507 2396 deinde
1537 2331 1842 2415 arguitur,
1889 2330 2078 2396 tertio
2124 2332 2502 2397 uerberatur.
2549 2332 2613 2396 in
2659 2331 2866 2397 obiur-

609 2433 863 2513 gatione
906 2433 1072 2500 enim
1119 2433 1347 2516 excipit
1380 2436 1536 2501 *uim
1582 2433 1963 2513 sententiae,
2014 2434 2104 2504 in.
2126 2435 2303 2519 lepra
2359 2439 2573 2501 autem
2628 2434 2867 2519 patitur
2883 2454 2934 2496 πο

607 2537 926 2619 piaculum
958 2536 1357 2604 criminosae:
1403 2538 1689 2620 quamuis
1722 2538 2010 2603 coercitio
2055 2537 2413 2602 istiusmodi
2444 2555 2566 2602 non
2596 2539 2868 2602 Mariam

606 2642 858 2705 tantum
904 2642 1013 2706 sed
1058 2640 1248 2705 etiam
1291 2641 1607 2705 Aaronem
1652 2639 2102 2717 humiliauerit‚
2157 2641 2323 2720 quia,
2370 2639 2490 2703 etsi
2534 2639 2866 2704 deformari

605 2743 778 2825 lepra
809 2761 1130 2808 summum
1161 2743 1515 2808 antistitem
1543 2761 1668 2808 non
1699 2741 1991 2825 oportuit,
2038 2744 2101 2806 et
2145 2742 2352 2823 ipsum
2393 2744 2603 2807 tamen
2633 2743 2867 2808 domini

609 2845 941 2930 castigatio
971 2845 1346 2930 flagellauit,
1393 2864 1509 2911 nec
1538 2848 1742 2910 solum
1771 2846 1905 2924 hoc,
1937 2845 2043 2909 sed
2073 2846 2136 2909 in
2180 2861 2398 2926 poena,
2446 2862 2635 2926 quam
2665 2846 2867 2910 Maria

606 2950 881 3034 patitur,
928 2950 1141 3014 Aaron
1187 2950 1378 3013 etiam
1425 2951 1602 3030 quasi
1658 2948 1876 3030 culpae
1918 2948 2231 3032 particeps
2275 2951 2620 3027 coercetur;
2665 2946 2866 3014 Maria
2881 2973 2934 3015 25

504 3053 591 3119 54
611 3053 776 3118 enim
821 3051 1128 3135 supplicio
1173 3051 1484 3131 adficitur,
1532 3054 1607 3117 ut
1649 3052 1858 3122 Aaron
1905 3051 2263 3117 confusione
2309 3051 2631 3118 multetur.
2686 3068 2863 3132 porro

609 3156 820 3221 autem
838 3204 853 3234 ,
912 3158 987 3220 ut
1029 3155 1477 3222 inexorabilem
1521 3156 1589 3220 in
1638 3155 2011 3239 quibusdam
2055 3172 2541 3239 ,agnosceremus
2597 3154 2864 3219 formam

609 3258 806 3325 diuini
851 3278 984 3325 esse
1028 3259 1266 3339 iudicii,
1314 3279 1390 3324 ne
1419 3259 1594 3324 illius
1627 3260 1881 3341 quidem
1913 3260 2251 3324 intercessu
2283 3257 2391 3340 qui
2423 3257 2625 3322 laesus
2656 3256 2865 3322 fuerat

609 3364 893 3429 indulsit.
983 3363 1073 3428 sic
1129 3363 1297 3428 enim
1355 3363 1625 3447 legimus
1684 3362 1763 3427 ad
1827 3364 2142 3429 Aaronem
2200 3366 2262 3426 et
2314 3361 2581 3427 Mariam
2640 3360 2864 3426 dixisse

608 3469 973 3532 dominum:
1065 3486 1301 3550 quare
1381 3466 1634 3552 igitur
1725 3485 1869 3530 non
1958 3465 2361 3531 timuistis
2450 3464 2932 3529 detrahereso

810 3678 880 3732 30
915 3677 1074 3731 Num.
1114 3677 1195 3764 12,
1232 3677 1266 3731 8
1291 3693 1408 3748 sqq.

709 3872 742 3925 2
778 3888 873 3926 nec
902 3873 1059 3941 prius
1094 3888 1257 3941 paene
1293 3877 1378 3927 est
1411 3873 1631 3927 mutium
1669 3887 1828 3941 quam
1865 3874 1943 3932 A:
1988 3887 2084 3925 nec
2120 3874 2394 3940 peractum
2429 3872 2577 3941 prius
2613 3889 2745 3942 pene
2781 3876 2864 3927 est

592 3957 644 4011 .f.
680 3974 730 4026 p,
766 3957 820 4010 Β
1023 3958 1060 4011 3
1094 3959 1315 4011 tantum
1346 3984 1428 4012 m
1462 3960 1567 4012 iam
1607 3959 1785 4012 multa
1819 3960 1873 4010 A
2083 3958 2150 4013 12
2193 3958 2323 4012 laici
2358 3975 2459 4013 om.
2497 3959 2553 4013 Β
2588 3976 2658 4014 m.
2693 3964 2727 4012 1

608 4043 674 4096 18
708 4059 855 4097 more
888 4043 1077 4098 iudicii
1110 4044 1335 4112 punitur
1372 4045 1426 4098 Β
1631 4044 1701 4097 20
1741 4044 1946 4113 excepit
1981 4047 2035 4097 A
2241 4044 2310 4102 21
2347 4044 2635 4099 cohercitio
2673 4045 2727 4098 Β

594 4131 775 4195 ⁴maria
809 4133 863 4183 A
1047 4129 1116 4184 23
1151 4130 1455 4185 antistitem
1494 4147 1559 4185 ex
1594 4132 1906 4185 antestitem
1946 4131 2001 4184 A
2025 4146 2161 4185 corr.
2190 4147 2256 4185 m.
2284 4146 2391 4186 rec.
2582 4131 2652 4185 25
2685 4129 2863 4184 coher-

606 4219 757 4270 cetur
793 4216 847 4269 Β
1054 4216 1122 4269 27
1157 4215 1327 4272 forma
1365 4218 1417 4269 Β
