3380 4919
1166 315 1247 370 ad
1282 314 1634 370 ecclesiam
1679 311 1803 366 1111
1846 315 1876 375 ξ
1910 310 2154 365 44—50.·
2191 334 2208 345 „
2658 311 2786 379 315

515 507 826 595 gaudii,
896 503 1503 574 sed'maeroris.
1578 502 1735 567 dura
1798 501 1952 567 haec
2009 503 2075 565 et
2136 502 2381 566 austera
2415 501 2597 566 sunt.
2674 502 2784 568 sed

524 614 672 698 quid
732 611 1000 678 facimus
1017 614 1051 677 Ρ
1086 608 1091 615 ’
1123 627 1244 675 non
1303 608 1451 674 licet
1495 625 1732 672 rerum.
1749 606 1993 670 mutare
2038 606 2317 681 naturas,
2365 606 2427 668 et
2474 606 2786 672 enuntiari

512 718 721 782 aliter.
749 715 983 780 uer-itas
1029 732 1157 779 non
1197 714 1431 796 potest‚-
1468 729 1658 793 quam
1703 709 1810 774 uis
1844 709 1998 791 ipsa·
2027 706 2222 791 exigit
2244 705 2571 774 ueritatis.
2629 708 2786 775 dura

518 819 678 884 -haec
724 818 978 901 quidam
1020 815 1280 900 putant:
1329 814 1457 880 sciso
1503 818 1568 878 et
1612 815 1770 878 satis
1815 811 2021 877 certus
2066 828 2255 877 sum.2
2288 810 2398 875 sed
2443 811 2593 893 quid
2627 809 2784 877 faci-

479 923 711 987 smus‘?
778 920 901 986 nisi
960 919 1134 985 duris
1188 936 1322 985 -non
1342 942 1351 977 z
1374 919 1504 983 itur.
1549 916 1627 982 ad
1671 934 1968 1001 regnumr-
2032 915 2209 979 arta
2274 913 2511 991 enim,
2578 913 2786 996 inquit

514 1025 835 1103 dominus,
905 1025 982 1088 et
1018 1022 1371 1107 angusta
1428 1021 1556 1085 uia
1602 1020 1805 1101 .est,..
1840 1035 2044 1100 quae·
2099 1015 2467 1083 ducitad
2514 1018 2785 1083 uitam.

524 1133 590 1195 et
657 1127 973 1209 apostolus
1053 1123 1461 1203 existimo,
1531 1121 1758 1205 inquit,
1830 1120 2028 1204 quod
2094 1136 2243 1185 non
2272 1118 2471 1184 sint
2530 1120 2787 1186 condi-

522 1251 716 1317 gnae
759 1231 1166 1315 passiones
1197 1228 1437 1305 hluins
1474 1226 1860 1308 temporis
1890 1226 1982 1289 ad
2012 1224 2373 1303 futuram
2405 1223 2783 1310 gloriam,

516 1353 721 1417 quae
790 1331 1296 1398 reuelabitur
1362 1329 1441 1394 in
1506 1329 1745 1395 nobis.
1820 1325 2476 1409 indignum-essead
2536 1326 2785 1394 futmae

454 1460 507 1500 ιο
525 1437 756 1521 gloriae
825 1435 1327 1517 conparationem
1395 1450 1577 1499 omne
1606 1438 1799 1512 'opus
1868 1429 2022 1496 dicit
2086 1429 2450 1494 humanum.
2527 1434 2590 1495 et
2635 1430 2786 1499 :ideo
2805 1431 2889 1499 48

525 1538 686 1603 nihil
717 1540 943 1605 durum
975 1538 1088 1603 aut
1115 1537 1437 1602 austerum
1470 1532 1847 1601 Christianis
1880 1532 2315 1614 uideridehet,
2347 1535 2506 1616 quiass
2521 1538 2787 1616 quanta—

526 1639 684 1705 libet
726 1658 838 1724 pro
885 1639 1263 1722 sempiterna
1305 1636 1694 1702 beatitudine
1723 1634 1968 1701 Christo
2001 1635 2285 1719 offerant,
2331 1635 2460 1702 uile
2497 1638 2596 1703 est
2626 1639 2788 1720 quod

525 1743 735 1823 datur,
799 1743 910 1808 ubi
965 1743 1100 1809 tam
1146 1742 1379 1826 grande
1426 1741 1522 1806 est
1565 1741 1726 1822 quod
1772 1738 2095 1821 accipitur.
2174 1739 2334 1804 nihil
2378 1759 2676 1824 magnum
2723 1742 2790 1806 in

525 1847 711 1911 terris
757 1846 835 1912 ab
879 1846 1126 1912 homine
1171 1847 1283 1924 deo
1326 1845 1616 1924 soluitur,
1643 1843 1778 1937 *ubi
1824 1843 1988 1926 quod
2019 1843 2210 1908 estin
2244 1843 2413 1908 caelo
2444 1843 2789 1910 maximum

458 1978 506 2019 ιε
528 1953 922 2032 οοηρειὴαὺιιῑ,
985 1951 1215 2032 durum
1232 1936 1238 1942 ’
1258 1936 1354 2017 est
1396 1936 1605 2030 auaris
1638 1951 1710 2012 ut
1755 1947 2105 2032 largiantur
2135 1934 2268 2012 sua.
2332 1946 2741 2031 quidgmirum
2759 1949 2790 2012 Ρ

513 2055 737 2117 totum
800 2053 1026 2118 durum
1095 2055 1189 2117 est
1254 2049 1563 2134 quidquid
1598 2049 1971 2133 „imperatur
2037 2048 2273 2115 inuitis,
2348 2067 2545 2131 paene
2587 2050 2789 2115 omnis
2806 2050 2891 2117 49

510 2172 729 2219 -sermo
776 2153 1027 2219 diuinus
1071 2153 1259 2217 habet
1305 2154 1605 2218 aemulos:
1627 2169 1787 2216 suos.
1817 2155 2001 2232 -quot
2037 2169 2274 2234 genera
2315 2155 2788 2234 praeceptorum

528 2256 675 2320 sunt
719 2257 817 2322 tot
859 2253 1374 2320 aduersariorum.
1439 2255 1493 2319 si
1538 2253 1905 2336 largitatem
1948 2270 2077 2317 esse
2108 2253 2173 2316 in
2218 2253 2570 2319 hominibus
2615 2254 2790 2320 iubet

530 2357 839 2443 dominuS‚
906 2375 1132 2423 auarus
1198 2357 1520 2421 irascitur:
1591 2355 1645 2420 si
1697 2355 2144 2438 parsimoniam
2212 2356 2425 2441 exigit,
2493 2358 2788 2442 prodigus

457 2469 866 2533 mexecratur.
942 2479 1256 2527 sermones
1312 2477 1517 2526 sacros
1571 2458 1817 2542 inprobi
1862 2458 2075 2524 hostes
2120 2477 2265 2524 suos
2314 2457 2569 2526 ducunt.
2646 2461 2786 2527 hor-

529 2567 669 2630 rent
732 2566 1015 2646 raptores
1084 2563 1387 2647 quidquid
1446 2564 1522 2628 de
1581 2562 1829 2628 iustitia
1886 2562 2178 2627 scribitur
2239 2562 2492 2629 horrent
2536 2564 2790 2646 superbi

532 2668 831 2753 quidquid
897 2669 973 2734 de
1041 2667 1406 2733 humilitate
1475 2666 1841 2744 mandatur,
1912 2664 2319 2731 aduersantur
2387 2665 2616 2733 ebriosi
2682 2667 2789 2733 ubi

532 2771 832 2838 sobrietas
876 2770 1180 2837 indicitur
1227 2770 1620 2835 detestantur
1673 2766 1954 2850 inpudici
1999 2766 2108 2832 ubi
2156 2768 2410 2835 castitas
2454 2772 2790 2854 inpetatur.

532 2878 643 2941 aut
687 2873 850 2940 nihil
905 2892 1048 2958 ergo
1095 2873 1422 2939 dicendum
1470 2875 1566 2938 est
1610 2875 1721 2938 aut
1767 2870 2065 2954 quidquid
2113 2872 2353 2938 dictum
2409 2873 2601 2939 fuerit
2659 2875 2791 2940 cui—

463 3002 514 3045 25
535 2994 800 3058 cumque
845 2975 1343 3059 supradictorum
1402 2973 1727 3040 hominum
1771 2972 2146 3056 displicebit.
2224 2976 2472 3041 mauult
2530 2976 2793 3059 quilibet

534 3077 828 3164 inprobus
895 3078 1166 3143 execrari
1238 3079 1442 3163 legem
1511 3097 1699 3160 quam
1767 3078 2095 3142 emendare
2162 3082 2435 3144 mentem
2450 3128 2467 3160 ‚
2545 3080 2793 3146 mauult

535 3183 871 3264 praecepta
931 3180 1130 3246 odisse
1187 3199 1374 3263 quam
1436 3180 1611 3247 uitia.
1687 3180 1855 3246 inter
1912 3180 2063 3246 haec
2124 3180 2274 3265 quid
2332 3185 2523 3265 agant
2567 3182 2896 3265 quibus50

534 3282 830 3367 loquendi
861 3300 899 3347 a
928 3281 1175 3349 Christo
1207 3283 1409 3349 officia
1452 3284 1874 3349 mandantur?
1917 3283 2027 3350 deo
2065 3283 2415 3370 displicent,
2461 3286 2513 3350 si
2558 3286 2792 3370 tacent,

535 3384 914 3463 hominibuS‚
960 3384 1015 3449 si
1044 3385 1402 3467 loquuntur.
1466 3385 1596 3465 sed,
1642 3389 1715 3450 ut
1745 3384 1991 3451 Iudaeis
2025 3387 2290 3468 apostoli
2318 3388 2788 3469 responderunt,

461 3517 513 3560 ³0
535 3490 783 3573 expedit
827 3490 1031 3571 magis
1078 3489 1190 3555 deo
1237 3484 1526 3555 oboedire
1572 3504 1761 3570 quam
1805 3486 2183 3553 bominibus.
2263 3488 2340 3553 do
2386 3492 2597 3554 tamen
2648 3506 2792 3554 con-

735 3660 767 3715 5
803 3660 1004 3716 Matth.
1045 3661 1092 3726 7,
1135 3661 1201 3716 14
1407 3661 1437 3714 7
1474 3659 1625 3715 Rom.
1663 3661 1716 3727 8,
1755 3660 1821 3714 18
2028 3658 2095 3714 29
2131 3661 2250 3714 Act.
2286 3659 2318 3714 5

637 3815 666 3869 1
723 3814 944 3870 meroris
997 3815 1053 3869 Β
1257 3818 1293 3869 2
1344 3815 1618 3870 enuntiari
1665 3831 1734 3871 ex
1780 3830 1859 3870 -re
1895 3831 2037 3871 corr.
2078 3831 2146 3869 m.
2183 3817 2224 3869 2
2277 3815 2333 3870 Β
2537 3818 2572 3871 5
2622 3815 2796 3885 igitur

523 3904 722 3970 pum-t.
779 3901 839 3970 ig
892 3901 949 3956 Β
1154 3902 1189 3955 6
1241 3916 1343 3970 que
1393 3903 1450 3957 A
1656 3902 1686 3955 7
1746 3902 1926 3971 inquit
1980 3916 2047 3956 eoe
2100 3900 2289 3971 inquid
2344 3901 2423 3955 bis
2476 3916 2616 3957 corr.
2655 3918 2724 3957 m.
2760 3904 2796 3956 2

529 3986 586 4041 Β
794 3990 925 4041 sunt
974 3986 1058 4041 ed.
1107 3985 1376 4042 Balwzius
1580 3987 1615 4041 8
1661 3987 1926 4057 passionis
1970 3988 2026 4040 A
2078 3986 2349 4057 passiones
2399 4003 2468 4043 ex
2503 3988 2619 4042 -nis
2655 4003 2793 4046 corr.

529 4085 597 4124 m.
633 4074 670 4126 2
707 4072 763 4126 Β
973 4072 1038 4127 17
1082 4072 1223 4141 quod
1258 4073 1315 4127 A
1369 4075 1502 4141 quot
1538 4089 1605 4129 ex
1640 4073 1784 4142 quod
1821 4088 1962 4129 corr.
1999 4089 2067 4127 m.
2102 4076 2139 4128 2
2173 4074 2231 4128 Β
2435 4072 2502 4128 21
2541 4073 2796 4144 quicquid

531 4158 611 4212 bis
648 4157 704 4212 Β
910 4157 980 4213 22
1015 4160 1331 4213 auersantur
1366 4159 1775 4215 Rittershusius
1978 4158 2214 4213 hebriosi
2250 4161 2306 4214 A
2512 4161 2581 4215 28
2616 4159 2795 4214 officio

530 4244 586 4297 A
791 4244 861 4300 30
900 4242 1118 4314 obydire
1155 4245 1210 4299 A
1264 4245 1474 4300 obedire
1509 4246 1565 4300 Β
