3380 4919
714 339 839 403 196
1686 334 1992 389 Saluiani

713 527 933 609 religio
978 544 1134 607 quae
1179 523 1612 589 christianitas
1657 524 1811 589 fuit!
1858 524 2222 589 dicebantur
2254 523 2593 590 Christiani
2637 525 2717 590 ad
2753 525 2973 590 contu-

614 628 697 693 13
714 628 972 693 meliam
1038 627 1296 693 Christi.
1386 646 1529 691 cum
1596 626 1918 711 apostolus
1984 626 2329 692 declamet:
2405 646 2556 692 non
2622 629 2972 711 potestis

507 723 514 730 ’
714 732 1049 796 calicem
1116 730 1409 794 domini
1466 728 1748 794 -bibere
1817 732 1895 794 et
1962 730 2280 794 calicem
2349 733 2973 808 daemoniorum,

711 851 859 898 non
904 832 1253 916 potestis
1298 851 1609 898 mensae
1654 833 1956 899 domini
1999 832 2495 915 participare
2543 836 2622 899 et
2663 854 2974 900 mensae

602 974 605 977 -
712 939 1337 1013 daemoniorum,
1395 936 1525 1000 illis
1585 936 1702 1001 hoc
1745 935 1899 1000 satis
1944 953 2067 1000 non
2116 937 2269 1011 erat,
2334 941 2408 1001 ut
2452 957 2595 1001 cum
2640 939 2833 1002 calice
2878 938 2976 1002 dei
3017 958 3043 997 5

717 1040 977 1105 calicem
1012 1039 1301 1104 biberent
1346 1039 1838 1123 daemoniorum,
1886 1039 2006 1103 nisi
2050 1038 2240 1105 illum
2270 1041 2462 1106 etiam
2508 1040 2974 1122 praetulissent,

714 1163 825 1208 nec
870 1142 1238 1222 sufficiebat,
1286 1143 1359 1206 ut
1405 1160 1688 1207 mensam
1735 1143 2106 1207 daemonum
2150 1163 2397 1209 mensae
2430 1144 2772 1208 dominicae
2804 1161 2975 1208 com-

712 1248 1026 1330 pararent,
1097 1245 1220 1310 nisi
1287 1249 1429 1328 post
1495 1244 2017 1326 superstitionum
2084 1246 2420 1311 infamium
2478 1246 2681 1311 cultus
2738 1248 2818 1311 ad
2874 1248 2974 1311 dei

713 1352 950 1432 templa
1017 1352 1341 1415 uenientes
1410 1351 1824 1415 sacrosanctis
1868 1348 2105 1414 Christi
2164 1351 2469 1415 altaribus
2528 1352 2717 1416 ductu
2775 1350 2973 1432 ipsius

714 1453 1004 1518 diabolici
1051 1455 1314 1536 spiritus
1364 1453 1841 1536 spurcissimum
1886 1453 2172 1518 nidorem
2216 1454 2571 1519 inalassent.
2992 1471 3043 1510 10

611 1576 697 1641 14
799 1575 917 1638 ΙΙΙ.
982 1576 1087 1652 At,
1135 1575 1361 1656 inquiS,
1408 1592 1533 1637 non
1581 1592 1797 1638 omnes
1843 1575 1966 1639 ista
2010 1574 2341 1655 faciebant,
2397 1575 2505 1638 sed
2552 1574 2972 1656 potentissimi

714 1678 940 1759 quique
986 1695 1058 1741 ac
1100 1678 1561 1742 sublimissimi.
1640 1678 2113 1759 adquiescamus
2160 1676 2274 1742 hoc
2319 1680 2407 1742 ita
2452 1696 2607 1742 esse.
2678 1677 2785 1741 sed
2830 1696 2973 1741 cum
3076 1686 3079 1689 ’

711 1780 1059 1845 ditissimae
1128 1798 1408 1863 quaeque
1465 1799 1537 1844 ac
1592 1781 2065 1862 potentissimae
2135 1782 2354 1845 domus
2420 1782 2672 1846 turbam
2731 1780 2971 1845 faciant

712 1883 1009 1960 ciuitatis,
1054 1883 1231 1946 uides
1276 1902 1383 1965 per
1427 1902 1763 1967 paucorum
1795 1886 2143 1965 potentium
2174 1885 2545 1968 sacrilegam
2575 1883 2966 1967 superstitio-

710 2001 853 2048 nem
911 1988 1131 2051 urbem
1190 1989 1478 2050 cunctam
1536 1987 1727 2050 fuisse
1773 1986 2100 2068 pollutam.
2171 1988 2408 2050 nemini
2453 1987 2663 2051 autem
2708 1984 3043 2051 dubium15

714 2093 808 2152 est
854 2107 1065 2153 omnes
1129 2090 1520 2153 dominorum
1579 2089 1858 2154 familias
1915 2091 2026 2153 aut
2082 2089 2320 2154 similes
2364 2108 2497 2154 esse
2543 2089 2811 2154 dominis
2858 2094 2971 2152 aut

714 2192 1062 2271 deterioreS,
1133 2195 1421 2276 quamuis
1482 2193 1599 2257 hoc
1658 2193 1953 2258 usitatius
2015 2195 2089 2258 ut
2151 2194 2499 2270 deterioreS‚
2572 2211 2645 2256 ac
2704 2211 2814 2273 per
2859 2191 2972 2257 hoc

712 2314 853 2358 cum
920 2297 1113 2360 etiam
1179 2296 1326 2361 boni
1397 2296 1635 2361 domini
1694 2315 1901 2361 seruos
1961 2297 2065 2360 uel
2122 2298 2390 2360 maxime
2434 2296 2633 2360 malos
2680 2297 2968 2373 habeant,

709 2401 1070 2481 promptum
1116 2403 1212 2465 cst
1270 2400 1650 2485 intellegere.
1702 2401 1913 2483 quales
1959 2401 2092 2466 illic
2138 2402 2413 2466 familiae
2460 2420 2673 2466 omnes
2719 2402 2968 2482 fuerint,

713 2519 857 2566 cum
923 2504 1179 2569 seruiles
1247 2504 1487 2571 animos
1555 2505 1685 2569 iam
1752 2525 1862 2588 per
1931 2523 1996 2569 se
2053 2507 2249 2570 malos
2319 2507 2509 2570 etiam
2576 2505 3040 2569 dominorumeo

600 2607 691 2673 15
710 2606 940 2671 faceret
1007 2608 1288 2689 nequitia
1353 2610 1608 2690 peiores.
1701 2611 1829 2672 esto
1900 2627 2077 2691 erge,
2147 2610 2260 2673 illa
2327 2627 2483 2690 quae
2552 2609 2820 2673 diximus
2890 2608 2969 2671 ad

712 2711 1172 2790 potentissimos
1219 2729 1492 2793 quosque
1538 2729 1611 2775 ac
1657 2711 2084 2776 nobilissimos
2130 2712 2586 2796 pertinuerunt.
2662 2710 2967 2792 numquid

710 2812 826 2875 illa
884 2813 1118 2877 leuiora
1170 2834 1327 2895 quae
1394 2816 1704 2881 nobilibus
1773 2814 2282 2896 ignobilibusque
2351 2815 2753 2879 communia?
2828 2814 2969 2877 odia

711 2915 952 2980 scilicet
996 2918 1182 2997 atque
1229 2919 1643 2983 execrationes
1690 2923 2054 2982 sanctorum
2099 2919 2379 2982 omnium
2424 2919 2591 2982 dico:
2654 2915 2968 2998 sacrilegii

713 3021 940 3101 quippe
1001 3038 1195 3102 genus
1257 3021 1352 3085 est
1412 3022 1510 3086 dei
1571 3022 1776 3085 odisse
1830 3021 2120 3085 cultores.
2190 3021 2354 3084 sicut
2400 3021 2586 3098 enim,
2650 3020 2705 3083 si
2754 3037 2966 3083 seruos
2986 3041 3038 3081 25

711 3126 950 3188 nostros
1009 3125 1323 3205 quispiam
1383 3125 1620 3202 caedat,
1680 3142 1792 3188 nos
1849 3126 1916 3188 in
1974 3142 2295 3188 seruorum
2351 3128 2705 3188 nostrorum
2766 3121 2969 3186 caedit

710 3227 955 3305 iniuria,
1004 3232 1067 3290 et
1111 3230 1165 3291 si
1211 3247 1248 3291 a
1294 3246 1605 3309 quoquam
1649 3228 1817 3293 filius
1864 3227 2229 3293 uerberetur
2259 3228 2518 3312 alienus,
2566 3227 2633 3291 in
2664 3225 2967 3309 supplicio

913 3458 946 3512 2
992 3458 1023 3512 Ι
1059 3457 1175 3511 Cor.
1218 3459 1302 3525 10,
1338 3457 1409 3510 20
1434 3473 1511 3527 sq.

815 3675 842 3726 1
902 3672 1282 3727 contumeliam
1329 3689 1503 3726 meam
1549 3673 1756 3726 Christi
1800 3674 1856 3726 Β
2080 3673 2117 3725 4
2168 3673 2492 3741 participare
2537 3689 2704 3742 super
2740 3689 2768 3727 e
2802 3688 2907 3727 scr.
2944 3673 2965 3724 i

707 3758 763 3809 B
949 3758 1016 3810 10
1049 3758 1384 3811 inhalassent
1419 3759 1475 3811 Β
1661 3758 1729 3811 14
1763 3774 1856 3826 per
1890 3774 2041 3827 pauc.
2077 3761 2191 3827 pot.
2232 3759 2547 3827 sacrilegam
2583 3759 2963 3828 supersticione

711 3843 828 3908 (sic)
866 3842 923 3895 Β
1118 3844 1182 3897 21
1222 3844 1309 3913 ad]
1347 3845 1475 3898 hinc
1509 3845 1732 3913 sinqula
1766 3849 1983 3897 tantum
2017 3844 2289 3898 uocabula
2323 3845 2412 3899 uel
2446 3845 2695 3914 sinywlae
2728 3844 2964 3898 uocabu-

707 3927 883 3981 lorum
934 3934 1120 3996 partes
1164 3930 1228 3982 im
1262 3931 1316 3982 A
1364 3931 1466 4000 leyi
1513 3935 1749 3999 possunt
1954 3930 2024 3983 22
2075 3931 2450 3998 pertinuerunt
2507 3932 2812 3996 (amnuerunt
2864 3930 2959 3998 A)]

707 4013 855 4077 ‘fort
891 4014 1254 4082 pertinuerint
1268 4057 1280 4081 ‚
1317 4022 1382 4069 ut
1416 4015 1725 4069 Saluianus
1749 4015 1983 4070 scribere
2017 4016 2162 4069 solet’
2199 4017 2484 4082 Halmius3
2522 4022 2581 4070 at
2616 4018 2688 4081 cf.
2722 4016 2844 4070 VII
2862 4019 2961 4068 53.-

708 4098 799 4151 sed
835 4103 950 4152 esto
993 4101 1140 4153 intra
1175 4102 1390 4155 Galicas
1437 4101 1801 4155 formidabant
2008 4102 2078 4155 24
2126 4105 2431 4155 sanctorum
2479 4102 2720 4155 omnium
2767 4102 2823 4154 Β
2860 4100 2961 4154 ad-

706 4186 860 4239 iectis
912 4188 1361 4255 transpositionis
1412 4189 1586 4257 siqnis
1803 4189 1869 4242 25
1924 4205 2090 4258 genus
2148 4188 2342 4257 quippe
2395 4188 2449 4241 Β
2672 4186 2741 4257 si]
2799 4187 2857 4239 in
2908 4188 2964 4240 Β

706 4272 803 4338 (sia
836 4276 888 4337 v)
1089 4273 1152 4325 27
1192 4273 1441 4326 iniuriam
1478 4273 1590 4327 AB
1644 4273 1845 4328 iniuria
1885 4275 1936 4328 Τ
1982 4274 2209 4328 iniuria*
2242 4291 2275 4328 v
