3380 4919
719 339 814 405 ,98
1703 331 2014 392 Saluiani

725 548 906 595 enam
951 529 1231 594 moribus
1275 529 1424 594 suis.
1484 528 1694 614 magis
1738 530 1909 596 enim
1937 531 2318 599 damnabilis
2353 538 2454 604 est
2483 541 2747 623 malitia,
2796 565 2985 629 quam

725 633 951 700 titulus
1011 633 1313 699 bonitatis
1372 633 1659 710 accusat,
1721 636 1787 700 et
1842 638 2058 703 reatus
2112 638 2292 721 impii
2351 642 2448 708 est
2502 644 2680 727 pium
2738 666 2987 717 nomen.

725 747 888 812 unde
947 741 1142 806 etiam
1197 737 1478 805 saluator
1534 738 1603 802 in
1646 739 2032 824 Apocalypsi
2088 743 2168 808 ad
2223 744 2510 830 tepidum
2560 749 2989 823 Christianum

724 849 855 916 ait:
922 848 1229 914 utinam
1293 848 1431 913 aut
1495 845 1798 911 calidus
1866 862 2075 910 esses
2145 850 2280 912 aut
2343 848 2725 932 frigidus:
2791 876 2990 926 nunc

725 959 1019 1038 autem,
1070 954 1246 1038 quia
1290 950 1608 1035 tepidus
1654 967 1759 1031 es,
1808 949 2190 1033 incipiam
2224 954 2304 1017 te
2330 971 2690 1024 enomere
2734 978 2818 1025 ex
2862 978 2990 1028 ore
3030 984 3057 1027 ⁶

725 1078 910 1126 meo.
978 1076 1227 1124 omnem
1271 1055 1700 1122 Christianum
1744 1053 2031 1122 dominus
2075 1055 2198 1122 fide
2242 1072 2318 1123 ac
2361 1059 2590 1142 spiritu
2633 1060 2812 1131 iubet
2855 1083 2987 1133 esse

725 1163 1092 1229 sementem,
1163 1162 1258 1227 sic
1317 1160 1485 1227 enim
1545 1161 1851 1244 scriptum
1896 1164 2025 1226 est:
2091 1165 2177 1226 ut
2219 1161 2455 1230 simus
2500 1166 2793 1251 spiritu
2836 1167 2988 1234 fer-

621 1264 1039 1348 92uentes‚
1086 1268 1397 1333 domino
1441 1266 1907 1332 seruientes.
1981 1265 2048 1330 in
2088 1265 2209 1332 hoc
2253 1286 2398 1352 ergo
2442 1268 2683 1336 feruore
2726 1271 2985 1354 spiritus

721 1371 868 1437 fidei
911 1371 1239 1456 religiosae
1285 1370 1469 1437 ardor
1512 1368 1902 1436 ostenditnrt
1940 1369 2017 1434 de
2061 1389 2182 1460 quo
2228 1372 2445 1437 ardore
2490 1373 2599 1455 qui
2641 1373 2986 1456 plurimum

722 1475 914 1541 habet
978 1475 1228 1542 feruens
1295 1494 1427 1540 esse
1495 1472 1858 1558 agnoscitur
1913 1473 1978 1539 et
2030 1473 2265 1540 fidelis:
2333 1476 2441 1559 qui
2503 1475 2666 1543 nihil
2733 1480 2984 1544 omnino
3004 1504 3054 1545 ιο

722 1578 912 1644 habet
975 1577 1239 1663 frigidus
1301 1596 1437 1644 esse
1497 1578 1890 1661 intellegitur
1951 1596 2024 1643 ac
2081 1596 2396 1664 paganus3
2466 1579 2573 1663 qui
2631 1599 2778 1647 uero
2823 1582 2985 1648 inter

723 1682 1057 1765 utrumque
1115 1682 1218 1747 uel
1275 1685 1570 1747 neutrum
1630 1686 1745 1764 est,
1805 1680 2052 1764 tepidus
2096 1684 2283 1765 atque
2330 1700 2548 1750 exosus
2592 1686 2693 1750 est
2735 1686 2981 1751 domino

724 1783 1132 1865 Christianus,
1194 1788 1257 1850 et
1297 1784 1437 1851 ideo
1480 1785 1563 1849 ad
1613 1804 1756 1851 eum
1818 1784 2080 1851 dicitur:
2139 1786 2450 1850 utinam
2495 1790 2631 1853 aut
2675 1786 2983 1855 calidus

725 1906 936 1953 esses
1004 1888 1143 1954 aut
1209 1889 1605 1973 frigidus:
1669 1903 1873 1954 nunc
1919 1890 2209 1972 autem,
2279 1892 2461 1972 quia
2504 1890 2825 1975 tepidus
2872 1910 2981 1976 es,

722 1990 1112 2074 incipiam
1155 1993 1233 2059 te
1278 2010 1631 2058 enomere
1674 2010 1759 2058 ex
1789 2009 1921 2057 ore
1951 2008 2133 2060 meo.
2192 1991 2307 2057 hoc
2336 1994 2430 2057 est
2461 1993 2693 2059 dicere:
2732 1991 3051 2064 utinamrs

723 2097 835 2160 aut
898 2095 1166 2161 calorem
1224 2098 1288 2161 et
1355 2095 1544 2161 fidem
1610 2095 1868 2162 haberes
1927 2095 2229 2161 bonorum
2303 2094 2797 2163 Christianorum
2872 2100 2984 2164 aut

723 2200 888 2263 certe
955 2199 1156 2284 frigus
1217 2203 1281 2266 et
1337 2200 1761 2284 ignorantiam
1827 2216 2230 2282 paganorum.
2306 2201 2422 2264 aut·
2476 2198 2646 2265 enim
2705 2198 2859 2266 fides
2915 2201 2981 2266 te

722 2301 926 2368 calida
971 2305 1082 2369 deo
1142 2303 1487 2368 insinuaret
1531 2302 1642 2368 aut
1687 2306 1860 2367 certe
1899 2303 1978 2367 ad
2022 2320 2307 2385 praesens
2352 2302 2555 2368 adhuc
2597 2303 2756 2387 legis
2799 2304 2980 2389 igno-

722 2406 929 2472 rantia
973 2406 1366 2490 aliquatenus
1413 2407 1749 2472 excusaret.
1825 2423 1990 2472 nunc
2043 2409 2253 2471 autem
2300 2406 2446 2489 quia
2489 2404 2806 2473 Christum
2852 2409 2979 2475 iam

722 2511 1037 2593 agnouisti
1082 2514 1147 2576 et
1189 2510 1471 2594 neglegis
1528 2528 1714 2593 quem
1771 2507 2103 2593 agnouisti,
2164 2510 2269 2592 qui
2329 2513 2646 2594 susceptus
2691 2530 2755 2576 es
2800 2510 3050 2594 quasise

619 2628 704 2694 93
721 2614 888 2678 intra
931 2631 998 2678 os
1043 2612 1144 2678 dei
1185 2632 1301 2696 per
1338 2612 1486 2679 fidei
1532 2614 1919 2698 agnitionem
1963 2613 2260 2696 proiceris
2290 2631 2401 2696 per
2450 2617 2747 2695 teporem.
2814 2618 2978 2698 quod

723 2716 975 2799 quidem
1020 2717 1213 2782 etiam
1255 2719 1476 2783 beatus
1506 2717 1821 2800 apostolus
1853 2716 2077 2781 Petrus
2108 2716 2424 2783 euidenter
2454 2719 2735 2800 exposuit
2766 2717 2976 2784 dicens

723 2822 800 2886 de
864 2819 1109 2884 uitiosis
1175 2838 1249 2886 ac
1311 2820 1536 2903 tepidis
1551 2871 1569 2905 ,
1634 2819 1701 2885 id
1768 2822 1863 2884 est
1931 2820 2093 2884 male
2162 2819 2523 2885 uiuentibus
2572 2820 2975 2888 Christianis:

722 2922 1011 2988 melius
1071 2925 1241 2989 erat
1296 2922 1469 2988 illis
1528 2942 1674 2990 non
1738 2940 2207 3003 cognoscere
2265 2923 2706 2990 ueritatem
2749 2943 2978 3008 quam

722 3026 1393 3111 cognoscentibus
1453 3027 1899 3092 retrorsum
1965 3025 2296 3092 reflecti
2354 3045 2391 3091 a
2447 3027 2760 3094 tradito
2817 3028 3048 3094 sibiss

628 3127 633 3138 '
721 3132 1105 3197 mandato.
1174 3131 1530 3216 contigit
1593 3130 1774 3196 illis
1833 3148 1954 3195 res
2006 3129 2183 3195 ueri
2247 3131 2688 3215 prouerbii:
2759 3134 2976 3198 canis

720 3254 1090 3301 reuersus
1160 3236 1251 3301 ad
1316 3252 1539 3300 suum
1605 3232 1989 3299 uomitum
2047 3237 2185 3300 aut
2244 3250 2373 3299 sus
2418 3234 2590 3300 lota·
2632 3235 2711 3299 in
2755 3233 2973 3300 uolu-

721 3341 954 3405 tabro
999 3337 1243 3404 caeni.
1319 3340 1483 3421 quod
1527 3341 1600 3403 ut
1651 3336 1970 3403 euidenter
2002 3338 2204 3402 dehis
2237 3337 2480 3402 dictum
2509 3336 2972 3421 intellegamuS,

719 3443 828 3525 qui
869 3442 988 3507 sub
1035 3441 1391 3508 Christiano
1450 3442 1700 3507 nomine
1743 3442 1808 3506 in
1853 3441 2139 3506 sordibus
2200 3442 2416 3507 mundi
2478 3441 2664 3524 atque
2709 3442 2975 3523 impuri-

719 3550 956 3614 tatibus
1023 3549 1282 3630 uiuunt‚
1353 3544 1531 3625 audi,
1599 3545 1750 3627 quid
1794 3547 1867 3610 de
1933 3544 2135 3609 isdem
2177 3544 2245 3608 in
2311 3544 2529 3608 eodem
2582 3544 2716 3608 loco
2776 3543 2972 3609 dicat:
2992 3567 3048 3608 ao

920 3721 957 3775 4
990 3722 1152 3790 Apoc.
1188 3720 1240 3785 3,
1279 3720 1346 3799 15
1552 3719 1583 3772 7
1623 3718 1777 3772 Rom.
1818 3717 1899 3784 12,
1940 3718 2003 3772 11
2208 3716 2278 3771 24
2313 3717 2374 3771 ΙΙ
2409 3717 2527 3771 Pet.
2563 3716 2618 3785 2,
2649 3716 2715 3771 21
2736 3732 2816 3787 sq.

820 3880 859 3934 4
877 3878 1050 3933 fridus
1072 3894 1117 3933 s.
1139 3892 1243 3933 scr.
1266 3893 1334 3932 m.
1354 3879 1395 3932 2
1418 3876 1479 3947 gi
1501 3875 1557 3930 A
1578 3876 1708 3930 item
1730 3881 1766 3940 §
1781 3877 1858 3931 92
1877 3875 1985 3943 (13)
2129 3874 2163 3927 6
2186 3871 2346 3927 fldem
2369 3871 2471 3928 sed
2487 3888 2542 3926 m
2558 3878 2756 3941 punct.
2782 3872 2838 3925 A

719 3968 786 4022 16
829 3966 909 4038 et]
953 3965 1051 4019 aut
1097 3964 1153 4018 Β
1356 3962 1427 4018 20
1471 3960 1756 4033 suscepisti
1801 3959 1899 4014 sed
1935 3963 2128 4028 pwnct.
2167 3958 2268 4012 isti
2304 3963 2356 4012 et
2390 3973 2432 4012 s.
2466 3974 2571 4013 scr.
2605 3974 2678 4013 m.
2713 3959 2753 4011 2
2788 3959 2878 4012 tus
2914 3971 2970 4011 es

717 4054 773 4109 A
968 4049 1044 4106 ‘21
1083 4049 1189 4121 dei]
1227 4049 1307 4103 d‘:
1337 4050 1456 4115 (sic)
1492 4049 1550 4103 A
1756 4045 2029 4114 proicieris
2063 4044 2119 4099 Β
2325 4042 2393 4098 27
2430 4059 2549 4098 sues
2583 4043 2678 4099 sed
2713 4060 2740 4098 e
2770 4048 2969 4112 punct.

717 4140 775 4194 A
839 4135 960 4192 sues
997 4138 1053 4192 Β
1257 4133 1570 4189 uolutrabro
1604 4133 1660 4188 Β
1884 4130 1953 4186 28
1997 4130 2113 4200 ceni
2149 4130 2228 4183 A:
2280 4128 2387 4184 luti
2437 4129 2491 4183 B
2695 4125 2971 4183 euidenter

716 4240 787 4281 ex
830 4224 1080 4279 uidenter
1124 4223 1180 4276 A
1225 4238 1365 4276 corr.
1400 4236 1470 4274 m.
1506 4221 1547 4274 2
1753 4218 1823 4272 30
1869 4217 2001 4287 quid
2034 4216 2098 4271 de
2131 4216 2337 4270 hisdem
2386 4231 2456 4270 ex
2501 4214 2870 4285 quidehisdem
2916 4215 2972 4270 A

714 4326 853 4366 corr.
889 4326 957 4365 m.
995 4313 1036 4366 2
1088 4309 1217 4379 quid
1254 4307 1451 4363 eisdem
1486 4308 1609 4374 (om.
1645 4305 1732 4374 de)
1769 4306 1825 4360 Β

916 4711 1123 4820 *x
