3380 4919
627 284 750 347 174
1596 277 1914 332 Saluiani

620 470 1009 536 bullientem.
1056 487 1181 533 non
1227 467 1530 533 dissimile
1574 471 1787 532 autem
1818 469 1913 530 est
1950 465 2099 530 huic
2133 464 2292 530 illud
2340 462 2643 529 sermonis
2689 464 2877 529 sacri:

623 574 889 638 factae
933 571 1120 637 sunt
1162 571 1354 635 mihi
1411 574 1676 635 domus
1721 570 2032 634 Israhel
2090 567 2562 634 commixtae
2620 585 2881 631 omnes

623 680 1083 742 aeramento
1147 678 1223 740 et
1269 675 1477 741 ferro
1524 675 1602 738 et
1646 675 1928 739 stanno
1974 673 2052 737 et
2103 674 2450 754 plumbo,
2508 673 2586 736 in
2631 671 2880 736 medio

622 781 1037 864 argentum
1081 779 1552 860 permixtum
1615 778 1753 842 est.
1842 780 2266 859 propterea
2325 775 2445 839 dic
2504 777 2719 842 haec:
2770 777 2883 843 sic

621 884 825 950 dicit
871 883 1252 949 dominus
1295 886 1511 949 deus:
1557 900 1693 964 pro
1727 900 1841 959 eo,
1890 883 2084 962 quod
2127 881 2323 946 facti
2369 881 2574 945 estis
2621 899 2879 945 omnes
2927 906 2950 944 ³

622 990 696 1054 in
741 988 1355 1070 permixti-onem
1400 1004 1663 1060 unam,
1724 984 2088 1050 conflabo
2133 1003 2266 1049 uos
2311 988 2385 1048 et
2429 984 2880 1050 insufflabo

519 1095 699 1166 59in
744 1109 877 1156 uos
922 1091 998 1155 in
1045 1092 1214 1173 igni
1242 1092 1422 1154 irae.
1472 1088 1903 1153 dissimillima
1930 1091 2095 1154 inter
2124 1107 2190 1153 se
2220 1106 2449 1170 genera
2479 1089 2880 1153 metallorum

622 1215 795 1261 sacer
839 1211 1040 1258 sermo
1086 1193 1484 1259 memorauit.
1547 1196 1611 1257 et
1656 1192 1962 1274 quomodo
2007 1192 2075 1255 in
2120 1195 2333 1256 eodem
2380 1191 2735 1258 conflatorio
2782 1210 2878 1256 res

622 1299 904 1364 diuersae
949 1299 1338 1363 conflantur?
1382 1298 1627 1362 scilicet
1659 1298 1807 1379 quia
1850 1296 1918 1361 in
1963 1295 2432 1361 diuersitatibus
2477 1295 2880 1360 metallorum
2983 1334 2992 1343 ·

620 1402 1068 1467 dissimilitudo
1115 1401 1440 1466 hominum
1487 1401 1871 1484 designatur.
1961 1401 2026 1464 et
2085 1401 2221 1465 ideo
2283 1398 2475 1464 etiam
2527 1399 2877 1481 argentum,
2898 1424 2951 1464 ιο

619 1506 687 1569 id
731 1508 826 1569 est
868 1505 1189 1570 nobilioris
1220 1502 1519 1569 materiae
1566 1504 1918 1581 metallum,
1963 1504 2159 1567 isdem
2204 1502 2453 1586 ignibus
2484 1504 2688 1585 datur,
2735 1503 2881 1584 quia

623 1613 883 1674 naturae
927 1607 1249 1673 nobilioris
1294 1607 1616 1690 ingenium
1662 1606 1799 1671 uita
1829 1607 2249 1689 degenerante
2278 1607 2669 1671 damnarunt.
2716 1606 2882 1671 sicut

623 1711 814 1776 etiam
871 1715 946 1777 de
1001 1711 1280 1793 principe
1338 1711 1487 1792 Tyri
1545 1709 1773 1774 dixisse
1839 1710 2109 1792 legimus
2179 1709 2501 1774 dominum
2569 1727 2679 1790 per
2736 1726 2881 1790 pro-

620 1815 904 1898 phetam:
964 1814 1100 1878 fili
1147 1813 1518 1893 hominis,
1578 1817 1845 1896 accipe
1891 1815 2321 1879 lamentum
2379 1831 2610 1894 super
2665 1814 2881 1895 prin-

622 1919 865 1999 cipem
911 1918 1134 2000 Tyri,
1202 1921 1281 1981 et
1324 1918 1452 1983 dic
1493 1917 1658 1982 illi:
1722 1918 2167 1983 haecdicit
2231 1919 2597 1983 dominus
2657 1919 2949 1984 deusm

622 2024 707 2086 tu
752 2020 1263 2104 consignatio
1309 2021 1943 2101 similitudinis,
2005 2026 2078 2086 et
2125 2039 2407 2087 corona
2453 2021 2759 2085 decoris
2803 2021 2883 2085 in

622 2125 946 2190 deliciis
991 2124 1350 2206 paradisi
1395 2124 1671 2189 fuisti:
1734 2143 2032 2188 omnem
2094 2124 2441 2207 lapidem
2504 2125 2881 2208 optimum

619 2227 941 2292 indutus
1002 2245 1110 2304 eS‚
1180 2227 1531 2291 sardium
1608 2230 1681 2290 et
1750 2226 2155 2308 topazium
2222 2230 2296 2291 et
2352 2228 2882 2311 smaragdum&

621 2332 959 2396 etiterum
1007 2334 1365 2412 argento,
1412 2330 1640 2413 inquit,
1689 2334 1764 2394 et
1810 2349 2004 2394 auro
2050 2330 2412 2411 implesti
2456 2331 2881 2395 thesauros

621 2439 829 2521 tuOS‚
890 2454 928 2501 a
984 2435 1521 2501 multitudine*
1564 2435 2147 2519 negotiationis
2204 2435 2564 2518 implesti
2630 2454 2950 2517 prom-20

519 2544 604 2609 60
619 2539 935 2622 ptuaria
979 2541 1131 2605 tua.
1180 2556 1337 2620 quae
1381 2540 1592 2602 omnia
1622 2538 1927 2620 numquid
1973 2556 2095 2602 non
2140 2538 2297 2602 talia
2326 2541 2493 2617 sunt,
2540 2541 2612 2603 ut
2649 2538 2880 2621 specia-

621 2643 766 2707 liter
812 2643 886 2707 de
929 2643 1100 2706 Afris
1149 2626 1314 2707 dicta
1359 2640 1735 2707 uideantur?
1789 2641 1899 2732 ubi
1945 2642 2111 2705 enim
2143 2642 2407 2706 maiores
2455 2642 2730 2707 thesauri
2774 2644 2882 2708 ubi

620 2746 820 2810 maior
864 2745 1208 2828 negotiatio
1239 2746 1346 2811 ubi
1391 2743 1822 2826 promptuaria
1852 2745 2182 2825 pleniora?
2229 2763 2440 2824 autc,
2487 2746 2711 2827 inquit,
2747 2745 2882 2809 im-

618 2847 869 2929 plesti
932 2848 1352 2912 thesauros
1397 2849 1574 2911 tuos
1620 2865 1658 2910 a
1700 2846 2229 2912 multitudine
2285 2848 2879 2931 negotiationis

623 2951 823 3016 tuae.
902 2969 1013 3034 ego
1057 2951 1199 3032 plus
1241 2951 1428 3016 addo:
1487 2952 1621 3014 tam
1668 2949 1935 3014 diuitem
1982 2952 2294 3034 quondam
2339 2950 2619 3016 Africam
2664 2950 2879 3031 fuisse,
2899 2982 2950 3023 25

621 3055 693 3117 ut
737 3041 896 3117 mihi
944 3052 1119 3136 copia
1163 3053 1606 3135 negotiationis
1655 3073 1801 3118 suae
1847 3072 1970 3119 non
2014 3072 2154 3121 suos
2212 3056 2461 3119 tantum
2524 3054 2632 3119 sed
2688 3053 2880 3119 etiam

822 3207 861 3260 2
892 3206 1080 3261 ezeeh.
1120 3206 1211 3273 aa>
1245 3206 1313 3283 185
1519 3208 1585 3261 14
1619 3208 1820 3262 azeca·
1850 3208 1935 3275 28,
1973 3209 2039 3263 11
2248 3209 2311 3263 1-9
2346 3208 2532 3263 Ezech.
2569 3209 2654 3275 28,
2691 3192 2745 3261 4‘

724 3347 750 3399 1
790 3343 1047 3400 sermonis
1085 3345 1218 3399 sacri
1255 3349 1319 3399 at
1353 3345 1470 3399 uid.
1506 3337 1592 3414 B;
1628 3347 1693 3401 in
1727 3335 1929 3416 A(Tv)
1967 3347 2109 3402 certe
2148 3352 2228 3401 cst
2264 3348 2402 3401 sacri
2438 3347 2697 3402 sermonis
2735 3345 2880 3415 qaod

616 3432 879 3487 Halmius
913 3448 1028 3497 non
1061 3432 1270 3500 adnot„
1320 3433 1417 3500 qui
1456 3432 1600 3486 idem
1627 3433 1805 3501 paulo
1840 3438 1969 3487 ante
2005 3432 2291 3486 dissimilis
2325 3448 2392 3486 ex
2424 3432 2480 3485 A
2520 3434 2767 3501 (practer
2803 3433 2876 3498 B)

617 3517 801 3585 adfert
811 3539 830 3584 ,·
867 3534 961 3589 eqo
999 3518 1262 3572 dissimile
1298 3518 1379 3571 bis
1415 3519 1636 3572 enotaui
1831 3520 1863 3574 2
1902 3520 2201 3573 commixti*
2235 3520 2356 3588 (sic)
2390 3522 2444 3572 A
2482 3521 2615 3588 (non
2649 3536 2720 3573 m.
2748 3524 2780 3573 1
2817 3523 2881 3573 ut

618 3604 702 3657 ait
754 3604 1038 3671 Halmius)
1244 3604 1279 3657 3
1331 3607 1525 3673 stagno
1579 3604 1690 3658 AB
1740 3606 1900 3673 (rell.)
2111 3607 2167 3659 et
2218 3605 2274 3658 in
2328 3606 2383 3659 Β
2593 3605 2627 3658 6
2678 3604 2876 3673 imper-

616 3689 926 3742 mixtionem
973 3689 1029 3742 A
1232 3690 1263 3743 7
1312 3690 1437 3758 igne
1484 3690 1540 3743 Β
1748 3691 1782 3745 8
1828 3707 1912 3744 res
1959 3691 2201 3745 diuersae
2236 3691 2537 3745 conflantur
2569 3693 2635 3746 in
2669 3709 2702 3745 v
2738 3706 2880 3767 corr,

616 3773 1017 3828 Brassicanms:
1072 3791 1154 3827 res
1191 3775 1402 3829 diuersa
1439 3780 1583 3843 (-sas,
1614 3776 1686 3842 Β)
1727 3776 1989 3830 conflatur
2025 3765 2135 3829 AB
2156 3777 2415 3831 Halmius
2618 3778 2651 3831 9
2686 3777 2882 3839 confla,

615 3861 754 3914 torio
790 3877 857 3914 cx
894 3860 1068 3913 ·turio
1103 3861 1158 3914 A
1181 3877 1316 3918 corr.
1340 3878 1407 3915 m.
1435 3864 1476 3915 2
1665 3863 1727 3916 11
1764 3862 1969 3917 hisdem
2007 3863 2063 3916 A
2259 3865 2323 3918 12
2362 3865 2479 3920 uita
2501 3865 2878 3938 degenerante]

616 3946 685 4012 cf.
725 3946 855 4000 adn.
892 3946 967 4000 ad
999 3962 1054 4014 p.
1091 3950 1208 4013 160,
1249 3950 1285 4001 5
1319 3953 1368 4001 et
1403 3947 1499 4001 Ad
1533 3947 1685 4003 Eccl.
1724 3948 1808 4001 II
1835 3952 1913 4003 22
2099 3952 2164 4006 13
2200 3952 2263 4005 de
2299 3951 2355 4005 Β
2390 3967 2430 4006 ε.
2468 3952 2503 4008 l.
2689 3952 2755 4005 17
2794 3951 2879 4005 de-

615 4031 756 4086 litiis
794 4048 863 4087 ex
895 4032 1090 4086 dilitiis
1124 4034 1180 4087 A
1216 4049 1356 4090 corr.
1392 4050 1460 4088 m.
1486 4036 1526 4089 2
1733 4036 2013 4106 optimum]
2051 4038 2349 4106 preciosum
2383 4039 2439 4093 Β
2650 4039 2715 4093 18
2758 4039 2879 4093 tho-

617 4117 819 4188 patium
859 4119 915 4172 A
966 4118 1235 4187 topatium
1272 4120 1327 4173 Β
1360 4136 1430 4175 m.
1455 4124 1487 4173 1
1686 4120 1751 4173 19
1787 4124 2070 4190 argentum
2107 4124 2166 4177 in
2202 4124 2332 4193 quid
2356 4124 2412 4178 Β
2601 4124 2671 4179 20
2705 4140 2881 4193 prom·

615 4203 795 4258 tuaria
829 4205 885 4259 Β
1076 4206 1145 4260 26
1181 4220 1303 4259 suos
1340 4222 1464 4261 cam
1499 4204 1622 4261 edd.
1660 4206 1947 4264 Halmius:
2003 4226 2126 4263 suas
2161 4210 2274 4264 AB

368 4531 789 4710 VN
