3380 4919
640 314 770 381 334
1611 310 1925 364 Saluiani

639 504 878 585 euim,
938 503 1169 586 inquit,
1226 502 1487 565 omnia
1530 499 1606 563 in
1650 499 2076 565 uoluntate
2123 517 2436 582 operum
2477 497 2892 568 bonorum-2

638 602 759 671 hoo
814 612 927 688 est,
984 607 1060 671 ad
1116 605 1235 669 hoc
1290 602 1445 667 facit
1489 601 1770 668 homines
1812 604 2165 669 substantia
2210 620 2344 668 esse
2399 603 2764 686 locupletes,
2820 605 2894 668 ut

640 706 808 776 bona
864 709 1211 794 operatione
1270 706 1403 769 sint
1458 704 1721 782 diuites,
1780 705 1847 769 id
1892 708 1988 770 est·
2033 709 2104 769 ut
2161 707 2551 771 commutent
2611 705 2890 786 diuitias,

639 829 795 894 quas
863 811 1245 891 acceperunt,
1293 809 1360 873 et
1404 807 1954 887 facultates-ipsas
2000 808 2064 871 in
2111 806 2290 872 bonis
2350 809 2633 890 operibus
2679 809 2891 875 conlo-

639 919 855 980 cantes
901 912 999 978 dei
1042 929 1202 993 opeS,
1249 928 1401 993 quas
1444 908 1682 975 habent
1727 910 1795 974 in
1829 910 1949 975 hoc
1979 912 2223 975 saeculo
2265 910 2693 994 temporariae,
2739 913 2892 977 bene
2936 933 2964 974 ⁵

638 1017 872 1082 utendo
936 1014 1172 1079 faciant
1226 1013 1662 1096 sempiternas,
1732 1031 1807 1078 ao
1865 1013 1959 1079 sic
2017 1017 2422 1096 agnoscentes
2480 1033 2742 1080 munera
2796 1016 2895 1080 dei

640 1117 880 1200 duplici
933 1116 1094 1181 bono
1148 1116 1481 1199 gaudeant,
1541 1135 1686 1181 cum
1747 1118 1852 1199 qui
1910 1120 2060 1181 sunt
2103 1115 2332 1182 diuites
2373 1117 2442 1181 in
2487 1116 2605 1181 hoc
2648 1117 2892 1181 saeculo

638 1240 770 1285 esse
814 1236 1054 1302 qnoque
1100 1218 1328 1283 diuites
1373 1222 1730 1284 mereantur
1773 1219 1842 1284 in
1888 1220 2077 1284 caelo.

530 1340 612 1404 31
723 1338 870 1402 VII.
943 1337 1042 1402 Sic
1109 1357 1255 1420 ergo
1320 1339 1636 1402 hauendae
1701 1346 1849 1403 sunt
1917 1339 2175 1405 diuitiae
2242 1339 2332 1404 sic
2396 1341 2732 1423 petendae,
2803 1339 2894 1406 sic

634 1444 934 1505 tenendae
978 1439 1068 1505 sic
1126 1442 1589 1524 propagandae:
1659 1443 1935 1525 alioquin
1993 1443 2455 1508 inaestimabile
2509 1444 2748 1510 malum
2799 1448 2894 1508 est
2910 1470 2964 1513 -ιο

634 1544 810 1611 bonis
842 1561 879 1606 a
911 1544 1026 1609 deo
1056 1543 1220 1611 datis
1257 1563 1379 1609 non
1411 1545 1569 1610 bene
1618 1545 1742 1622 uti;
1789 1564 2022 1610 auaro
2069 1547 2303 1625 enim,
2351 1546 2558 1629 inquit
2586 1547 2895 1629 scriptura

632 1663 825 1723 sacra,
870 1646 1074 1711 nihil
1118 1652 1239 1712 est
1281 1648 1752 1723 scelestius,
1813 1650 1877 1711 et
1930 1648 2273 1730 pessimum
2320 1666 2391 1713 ac
2446 1648 2893 1715 feralissimum

631 1747 834 1814 morbi
881 1764 1076 1833 genus
1107 1750 1363 1816 diuitiae
1397 1754 1797 1816 conseruatae
1842 1753 1911 1814 in
1955 1751 2195 1819 malum
2225 1752 2462 1821 domini
2492 1751 2607 1816 sui.
2670 1769 2888 1817 uerum

630 1854 742 1916 est.
820 1853 969 1934 quid
1030 1853 1193 1917 enim
1253 1854 1430 1935 peius
1476 1857 1586 1918 aut
1631 1856 1778 1935 quid
1828 1856 2132 1932 miserim,
2192 1872 2382 1936 qnam
2424 1855 2479 1919 si
2526 1855 2665 1936 quis
2710 1873 2890 1936 prae-

631 1954 835 2020 sentia
886 1956 1050 2021 bona
1106 1957 1170 2020 in
1216 1959 1386 2021 mala
1443 1956 1657 2022 futura
1704 1960 2045 2034 canuerint,
2104 1961 2167 2020 et
2214 1975 2372 2038 quae
2417 1960 2494 2022 ad
2538 1957 2653 2022 hoc
2696 1975 2732 2019 a
2777 1958 2890 2023 deo
2909 1982 2960 2022 ιε

631 2059 781 2124 data
826 2063 995 2135 sunt,
1055 2062 1125 2121 ut
1172 2064 1497 2139 pararetur
1544 2078 1617 2123 ex
1664 2059 1755 2123 eis
1800 2061 1969 2124 uitae
2028 2060 2349 2124 beatitudo
2403 2063 2722 2141 perpetua,
2781 2079 2892 2142 per

527 2161 613 2226 32
631 2162 780 2226 haec
832 2162 968 2243 ipsa
1022 2164 1359 2243 quaeratur
1416 2180 1583 2227 mors
1644 2180 1717 2226 ac
1771 2164 2086 2227 damnatio
2144 2161 2522 2243 sempiterna
2542 2166 2573 2227 Ρ
2646 2165 2713 2228 in
2771 2180 2892 2245 quo

630 2268 693 2328 et
749 2263 908 2329 illud
963 2265 1479 2330 considerandum
1536 2265 1720 2348 quod,
1789 2265 1843 2328 si
1895 2267 2175 2329 seruatae
2221 2265 2482 2331 diuitiae
2527 2271 2603 2333 ad
2649 2267 2893 2331 malum

629 2366 901 2431 hominis
948 2372 1410 2451 conseruantur,
1458 2371 1687 2450 quanto
1733 2368 1951 2449 utique
1997 2368 2076 2432 ad
2123 2368 2323 2433 maius
2369 2369 2609 2434 malum
2654 2387 2894 2435 coacer-

630 2475 875 2535 uantur.
954 2473 1179 2554 quotus
1223 2473 1396 2538 enim
1441 2466 1709 2553 quisque
1760 2490 1923 2535 nunc
1971 2470 2242 2536 diuitum
2290 2476 2499 2538 tantae
2545 2478 2643 2537 est
2689 2476 2961 2540 conti-so

629 2574 895 2657 nentiae,
955 2575 1065 2656 qui
1108 2593 1250 2655 opes
1311 2573 1621 2638 custodire
1679 2578 2006 2638 contentus
2067 2573 2466 2638 adcumulare
2510 2574 2640 2640 iam
2687 2577 2892 2643 nolit?

629 2694 663 2740 o
710 2677 961 2742 miseria
1029 2677 1331 2759 temporis
1378 2680 1443 2741 et
1486 2678 1948 2742 ecclesiasticae
2016 2676 2232 2757 plebis,
2304 2677 2385 2742 ad
2430 2679 2579 2760 quid
2639 2679 2892 2746 redacta

630 2783 753 2844 est!
818 2779 928 2843 ubi
973 2798 1118 2844 cum
1161 2781 1467 2863 scriptum
1509 2780 1615 2855 sit,
1662 2782 1827 2862 quod
1859 2798 2105 2845 seruare
2137 2796 2281 2860 opes
2312 2798 2510 2863 genus
2543 2781 2632 2846 sit
2677 2783 2892 2864 magni

527 2880 610 2946 33
630 2882 929 2958 criminis,
999 2901 1119 2948 non
1179 2902 1408 2968 augere
1469 2883 1596 2954 iam
1641 2903 1839 2966 genus
1897 2883 2157 2965 putatur
2203 2901 2337 2947 esse
2382 2884 2654 2949 uirtutis.
2727 2903 2890 2968 ergo,

628 2990 701 3050 ut
745 3003 933 3067 supra
976 2987 1266 3064 diximuS‚
1322 3005 1442 3069 quo
1487 2987 1667 3050 modo
1715 3004 1781 3050 se
1827 2986 2084 3068 quidam
2130 3002 2265 3049 reos
2305 2985 2559 3052 omnino
2606 3005 2729 3051 non
2773 3006 2962 3068 pu-as

631 3091 790 3166 tant,
838 3089 893 3153 si
937 3108 1052 3154 nec
1097 3091 1161 3154 in
1206 3094 1403 3155 morte
1449 3089 1706 3155 sibimet
1760 3109 1871 3172 per
1918 3088 2444 3171 dispensationem
2500 3089 2890 3157 substantiae

630 3193 1069 3277 consuluerint,
1117 3213 1259 3258 cum
1305 3195 1494 3257 etiam
1523 3211 1595 3256 ex
1624 3193 1743 3257 hoc
1772 3197 1864 3258 rei
1894 3193 2043 3276 sint,
2092 3196 2255 3275 quod
2288 3209 2480 3273 usque
2512 3193 2593 3257 ad
2622 3197 2890 3260 mortem

630 3300 855 3362 cuncta
899 3297 1330 3362 seruauerint?
1404 3298 1515 3361 aut
1560 3314 1680 3377 quo
1727 3301 1906 3384 modo
1951 3296 2045 3360 rei
2098 3313 2220 3361 non
2279 3300 2483 3380 erunt,
2541 3297 2650 3378 qui
2693 3296 2894 3368 facul-

628 3400 791 3465 tates
868 3419 1035 3478 suas
1088 3403 1164 3465 ad
1239 3416 1658 3481 quoscumque
1742 3398 2023 3466 homines
2106 3398 2537 3463 infidelissima
2609 3401 2891 3464 uanitate

833 3575 895 3626 11
935 3572 1134 3628 Eccles.
1178 3572 1258 3660 ¹⁰?
1295 3572 1328 3625 9
1388 3651 1391 3656 μ

727 3729 763 3780 4
818 3728 1175 3796 conlocantes]
1238 3727 1608 3781 conculcantes
1668 3742 1965 3794 operarum
2019 3740 2206 3780 errore
2257 3725 2413 3794 apud
2462 3726 2753 3780 Halmium

624 3814 659 3866 9
695 3813 968 3867 hauendae
1003 3830 1125 3868 cum
1164 3813 1221 3868 J.
1250 3814 1479 3883 Meyero
1513 3813 1809 3867 Halmius.-
1847 3812 2122 3866 habendae
2155 3811 2269 3864 AB
2460 3812 2529 3865 13
2554 3818 2683 3880 post
2717 3812 2890 3867 morbi

622 3914 667 3952 s.
699 3898 733 3951 l.
770 3898 897 3952 add.
935 3916 1107 3969 genus
1142 3917 1210 3953 m.
1236 3903 1278 3954 2
1312 3902 1395 3962 A;
1447 3915 1516 3954 ex
1542 3915 1588 3967 p
1624 3900 1829 3968 recepit
1852 3906 1906 3954 et
1928 3899 2191 3953 Halmius
2200 3917 2222 3964 ;
2273 3899 2370 3952 sed
2402 3899 2642 3965 fortasse
2675 3900 2762 3954 nil
2795 3914 2890 3953 ecc-

624 3984 757 4038 cidit
783 3989 835 4037 et
862 3984 1016 4040 salu.
1051 3987 1276 4054 scripsit
1301 3987 1357 4038 in
1384 3984 1500 4039 orbi
1523 3986 1614 4039 uel
1638 3985 1789 4048 orbe3
1825 3986 2116 4053 pessimum
2140 3985 2290 4038 em'm
2311 3986 2437 4039 uoci
2458 3986 2641 4039 statim
2662 4001 2889 4053 reapon-

623 4069 716 4123 det
749 4070 880 4137 quid
913 4071 1056 4123 enim
1092 4073 1246 4139 peius
1293 4073 1364 4137 cf.
1408 4071 1497 4124 VI
1528 4074 1628 4125 72:
1680 4073 1739 4124 in
1786 4072 1891 4125 alio
1939 4072 2064 4124 orbe
2112 4072 2318 4122 remota
2354 4076 2408 4124 et
2444 4070 2578 4124 Ina.
2612 4070 2726 4124 ΙΠ
2751 4085 2793 4123 a.
2829 4084 2886 4124 n.

622 4155 766 4209 orbis
956 4156 1018 4209 17
1055 4157 1368 4224 dampnatio
1404 4157 1459 4209 B
1642 4156 1712 4208 22
1747 4156 2075 4209 eclesiaticae
2107 4157 2164 4207 A
2348 4154 2418 4208 24
2450 4171 2558 4208 non
2594 4154 2891 4209 delendum

622 4240 868 4294 censebat
902 4241 1307 4296 Rittershusius
1504 4241 1570 4294 27
1607 4243 1713 4308 quo
1747 4256 1912 4309 usque
1947 4241 2001 4294 B
2195 4239 2267 4292 28
2309 4245 2658 4294 seruauerunt
2696 4240 2751 4293 B

96 4449 745 4745 (N
