3380 4919
2596 384 2767 439 VIIII

714 579 1065 654 lationem
1147 580 1580 665 confecerat,
1666 577 1965 653 omnino
2049 602 2136 650 ea
2203 598 2363 675 ‘qua
2441 601 2580 675 par
2658 587 2767 650 est

710 700 1141 775 strenuitate
1178 711 1253 774 et
1290 696 1668 796 diligentia
1705 723 2006 772 munere
2043 707 2388 794 suscepto
2425 697 2766 772 sunctum

712 846 888 901 esse.
974 846 1204 920 quare
1259 830 1563 918 rogatus
1602 820 1694 892 de
1733 819 1840 893 eis
1887 829 2179 892 tantum
2231 816 2411 892 locis
2462 842 2765 892 accura-

711 940 989 1016 tissime
1066 941 1159 1014 ad
1240 964 1359 1013 me
1438 937 1743 1032 rettulit,
1827 939 1955 1037 q-ui
2030 938 2109 1011 in
2189 936 2444 1013 codice
2504 938 2575 1011 A
2642 948 2767 1011 aut

713 1061 931 1135 deleti
1018 1061 1316 1141 om'nino
1404 1071 1580 1136 sunt
1663 1071 2081 1160 temporum
2137 1056 2552 1157 'iniquitate
2640 1068 2766 1131 aut

712 1182 1109 1255 maximam
1180 1191 1472 1280 partem
1540 1181 1644 1255 ita
1708 1180 1902 1254 male
1971 1179 2264 1255 tractati
2332 1188 2417 1253 ut
2481 1177 2607 1253 uix
2678 1203 2768 1252 ac

711 1328 806 1375 ne
892 1302 1017 1375 uix
1105 1300 1402 1400 quidem
1490 1300 1813 1400 genuina
1901 1299 2177 1375 librarii
2264 1318 2529 1373 manus
2611 1297 2768 1373 erui

494 1518 533 1556 ·
711 1423 963 1522 possit.
1102 1496 1105 1499 ,

600 1593 673 1666 Τ
715 1626 808 1659 ·--
869 1592 1101 1668 codex
1153 1591 1534 1667 Parisinus
1589 1589 1764 1666 olim
1831 1579 2303 1666 Colbertinus
2364 1616 2565 1665 nunc
2626 1591 2767 1665 Re-

713 1711 875 1812 gius
920 1738 1001 1807 =n.
1062 1715 1263 1786 2174
1318 1738 1508 1787 saec.
1564 1711 1712 1787 XV
1778 1737 1998 1810 quem
2064 1725 2235 1811 post
2303 1710 2769 1785 Halmium

714 1832 872 1932 ipse
928 1832 1226 1907 contuli.

641 2018 668 2078 t
720 2037 812 2071 =
873 2003 1106 2080 codex
1175 2004 1555 2079 Parisinus
1631 2002 1816 2097 olim.
1881 1954 2350 2083 Oolbertinus
2421 2031 2494 2078 n.
2572 2008 2767 2085 5795

713 2150 915 2200 nunc
999 2124 1278 2223 Regius
1369 2150 1444 2199 n.
1530 2125 1731 2198 2786
1813 2147 2003 2202 saec.
2071 2123 2218 2199 XV
2308 2150 2529 2221 quem
2615 2125 2771 2225 ipse

719 2243 1015 2320 contuli.

622 2443 667 2491 v
723 2449 816 2483 =
876 2414 1121 2493 codex·
1159 2412 1759 2489 Vindobonensis
1811 2441 1885 2490 n.
1927 2416 2075 2489 826
2123 2441 2320 2491 saec.
2371 2415 2520 2492 XV
2572 2415 2771 2491 unde

694 2536 1113 2613 'editionem
1166 2535 1576 2635 principem
1609 2535 1733 2611 Jo.
1770 2534 2176 2609 Alexandri
2230 2538 2459 2610 Bras
2479 2536 2772 2613 sicani

719 2684 783 2733 a.
847 2660 1042 2732 1530
1097 2656 1458 2755 originem
1512 2656 1815 2732 duxisse
1868 2656 1915 2732 l.
1970 2656 2015 2729 l.
2069 2684 2142 2755 p.
2200 2662 2250 2731 4
2306 2657 2614 2733 ostendi.
2702 2668 2773 2731 et

718 2778 914 2852 hunc
969 2775 1317 2867 codicem,
1374 2775 1501 2874 qui
1541 2788 1820 2876 quanto
1858 2803 2081 2875 opere
2118 2777 2454 2852 eiusdem·
2493 2778 2799 2852 Brassi?

723 2898 887 2972 cani
937 2922 1193 2972 curam
1225 2894 1420 2969 male
1456 2895 2091 2995 sedulam-passus
2128 2898 2223 2974 sit
2239 2898 2297 2971 2l.
2336 2898 2383 2972 1.
2424 2925 2494 2999 p.
2544 2904 2634 2974 19
2668 2926 2773 2999 sq.

718 3017 893 3092 satis
949 3041 1318 3115 superque
1358 3016 1664 3124 euicisse
1710 3016 1889 3091 mihi
1924 3018 2204 3112 uideor,
2260 3019 2417 3117 ipse
2474 3020 2771 3101 contuli.

618 3205 827 3300 Quos
894 3187 1189 3308 praeter
1258 3205 1423 3280 illos
1481 3217 1723 3280 extare
1779 3208 2106 3305 comperi
2157 3205 2379 3282 huius
2435 3207 2777 3308 opusculi

518 3328 838 3405 codices
879 3347 1159 3402 omnes
1187 3325 1471 3430 innon
1535 3324 1762 3430 nullis
1787 3323 1798 3428 j⁴
1815 3325 2073 3401 Italiae
2125 3325 2594 3403 bibliothecis
2649 3327 2777 3402 ad-

517 3455 869 3542 seruatos,
926 3460 1009 3522 ut
1063 3446 1155 3521 de
1210 3446 1647 3522 auctoritate
1718 3447 2117 3521 eorundem
2147 3447 2261 3521 “in
2315 3456 2471 3520 arte
2526 3447 2778 3522 critica

514 3568 920 3643 factitanda
974 3577 1257 3670 certum
1310 3564 1667 3640 iudicium
1690 3566 1892 3639 serre
1945 3566 2219 3663 liceret,
2277 3591 2568 3641 summa
2607 3592 2780 3641 cum

515 3686 950 3763 liberalitate
1005 3698 1078 3761 et
1129 3683 1663 3790 officiosissime
1743 3685 2129 3783 permultis
2209 3682 2415 3778 locis,
2498 3687 2627 3785 qui
2679 3686 2777 3761 ad

515 3806 709 3882 hanc
763 3819 1065 3882 causam
1115 3791 1434 3881 maxime
1482 3797 1733 3878 idonei
1780 3805 2245 3904 uidebantur,
2300 3806 2783 3906 inspexerunt

521 3937 593 4002 et
643 3928 886 4001 uarias
941 3954 1028 4002 ex
1083 3928 1359 4002 eisdem
1424 3929 1831 4027 scripturas
1896 3926 1993 4001 ad
2043 3954 2163 4001 me
2214 3928 2782 4002 transmiserunt

519 4046 661 4121 uiri
715 4046 1119 4123 doctissimi
1153 4048 1241 4121 F.
1281 4048 1740 4123 Khullius
1798 4047 2236 4123 Graecensis
2292 4060 2364 4123 et
2414 4045 2782 4124 J.Sedl-

517 4192 834 4269 maycr
885 4168 1509 4264 Vindobonensis‚
1564 4169 1687 4243 ille
1728 4196 1767 4243 e
1805 4170 2056 4245 codice
2076 4169 2470 4244 ‘Marciano
2528 4169 2781 4245 classis

520 4287 674 4362 ΠΠ
729 4287 979 4367 οοᾶμὸ
1024 4285 1357 4364 chartac·
1412 4313 1607 4390 saec.
1644 4290 1814 4384 XV,
1867 4289 1989 4366 hic
2044 4316 2083 4365 e
2142 4290 2524 4366 codicibus
2576 4288 2782 4365 Vati-
