3380 4919
128 4393 517 4608 ‘N

618 4699 795 4818 “x

609 313 697 378 44
1586 311 1900 364 Saluiani

616 501 723 565 sed
770 501 914 584 quia
956 499 1145 564 multi
1188 501 1307 564 ista
1352 518 1476 564 non
1520 499 1773 580 sapiunt
1818 501 1884 564 et
1914 503 2141 581 putant
2174 501 2454 566 homines
2488 499 2874 567 Christianos

613 605 768 669 haec
814 604 990 685 quasi
1033 603 1342 685 stipendia
1386 601 1531 667 fidei
1576 621 1724 667 suae
1769 622 1806 667 a
1850 606 1963 669 deo
2010 621 2228 685 capere
2275 604 2529 681 debere,
2575 604 2682 683 ut,
2732 603 2878 686 quia

617 707 748 772 sint
793 708 1032 771 cunctis
1072 707 1360 789 gentibus
1393 704 1823 787 religiosiores,
1873 705 2001 771 sint
2045 706 2282 771 cunctis
2329 706 2521 771 etiam
2570 707 2875 785 fortiores,

559 808 595 872 7
618 809 1082 892 adquiescamus
1130 808 1409 890 opinioni
1456 827 1668 872 eorum
1714 811 1900 890 atque
1944 810 2319 874 sententiae.
2397 810 2507 875 sed
2552 811 2876 876 uideamus

619 915 831 977 tamen
890 910 1036 993 quid
1094 911 1178 976 sit
1223 913 1410 977 deum
1455 912 1727 976 fideliter
1772 913 1959 978 credi.
2036 915 2143 996 qui
2189 913 2352 977 enim
2406 918 2541 978 tam
2585 933 2877 997 magnam
2923 933 2949 974 ε

620 1015 1007 1080 credulitatis
1072 1017 1133 1078 et
1187 1014 1334 1079 fidei
1390 1018 1735 1085 mercedem
1797 1015 1866 1078 in
1927 1016 2042 1079 hoc
2096 1016 2340 1081 saeculo
2387 1035 2523 1081 esse
2566 1018 2878 1100 uolumuS,

620 1118 821 1199 qualis
855 1117 1188 1182 credulitas
1222 1121 1334 1182 aut
1363 1117 1516 1183 fides
1546 1119 1686 1199 ipsa
1718 1137 1850 1183 esse
1882 1117 2107 1183 debeat
2143 1123 2528 1185 considerare
2559 1119 2876 1185 debemus,

624 1220 775 1302 quid
822 1224 918 1284 est
963 1221 1158 1304 igitur
1204 1221 1543 1285 credulitas
1588 1221 1690 1285 uel
1737 1221 1939 1286 fides?
1985 1222 2220 1304 opinor,
2266 1222 2538 1287 fideliter
2566 1222 2882 1285 hominem

624 1321 868 1389 Christo
917 1323 1198 1403 credere,
1256 1323 1322 1387 id
1369 1326 1464 1388 est
1510 1324 1755 1388 fidelem
1805 1326 1915 1389 deo
1964 1343 2115 1405 esse,
2169 1324 2285 1389 hoc
2331 1327 2423 1388 est
2466 1325 2735 1390 fideliter
2780 1324 2879 1389 dei

624 1428 925 1492 mandata
970 1444 1234 1491 seruare.
1293 1425 1459 1492 sicut
1505 1427 1669 1491 enim
1717 1428 1882 1492 serui
1912 1429 2235 1492 hominum
2269 1427 2539 1492 diuitum
2586 1430 2696 1493 aut
2739 1445 2883 1510 pro·
2903 1453 2955 1493 ιο

624 1530 956 1612 curatoreS‚
1007 1530 1231 1610 quibus
1263 1531 1366 1594 uel
1398 1530 1823 1611 supellectiles
1857 1531 2134 1613 copiosae
2165 1533 2268 1595 uel
2300 1532 2557 1598 cellaria
2587 1532 2885 1614 opulenta

623 1634 992 1711 creduntur,
1053 1633 1266 1697 fideles
1323 1635 1551 1715 absque
1600 1634 1789 1699 dubio
1835 1634 1962 1699 dici
2019 1653 2143 1699 non
2186 1636 2452 1717 queunt,
2511 1636 2568 1699 si
2622 1653 2718 1699 res
2765 1635 2885 1701 sibi

623 1737 889 1802 traditas
936 1734 1327 1800 deuorarint:
1374 1736 1465 1800 sic
1507 1735 1784 1818 profecto
1831 1736 2024 1801 etiam
2072 1736 2411 1802 Christiani
2455 1738 2738 1801 homines
2782 1737 2884 1802 in-

565 1838 836 1903 8fideles
882 1842 1062 1920 sunt,
1123 1837 1178 1903 si
1224 1838 1384 1903 bona
1428 1839 1548 1904 sibi
1595 1859 1632 1904 a
1677 1842 1791 1904 deo
1839 1840 2173 1923 adsignata
2217 1842 2624 1923 corruperint.
2695 1858 2883 1921 quae-

624 1941 788 2006 ritur
820 1942 1105 2020 forsitan,
1154 1959 1312 2024 quae
1343 1941 1470 2006 sint
1517 1943 1698 2020 bona,
1745 1963 1902 2025 quae
1940 1944 2090 2009 deus
2124 1943 2494 2009 Christianis
2524 1941 2882 2007 hominibus
2903 1968 2955 2009 15

626 2045 956 2128 adsignet?
1023 2063 1209 2126 quae,
1280 2046 1400 2108 nisi
1454 2046 1665 2110 omnia
1726 2065 1836 2127 per
1881 2065 2040 2129 quae
2085 2047 2426 2124 credimUS,
2485 2046 2551 2112 id
2598 2050 2729 2124 est,
2776 2064 2885 2127 per

625 2167 779 2230 quae
825 2148 1033 2213 omnia
1078 2145 1421 2212 Christiani
1466 2148 1730 2214 sumus?
1786 2151 2060 2232 primum
2104 2148 2341 2213 scilicet
2386 2148 2611 2232 legem,
2667 2149 2885 2214 deinde

625 2253 983 2333 prophetaS,
1028 2251 1216 2316 tertio
1264 2251 1684 2336 euangelium,
1735 2253 1955 2335 quarto
1988 2253 2363 2335 apostolicas
2408 2251 2728 2331 lectiones,
2774 2269 2886 2333 po-

626 2354 930 2419 stremum
981 2355 1465 2437 regenerationis
1517 2372 1716 2420 nouae
1762 2375 2008 2431 munus,
2058 2356 2258 2420 sancti
2306 2356 2701 2439 baptismatis
2746 2373 2887 2437 gra-

626 2459 813 2541 tiam,
880 2457 1081 2524 diuini
1139 2457 1499 2524 chrismatis
1568 2458 1961 2525 unctionem:
2033 2458 2307 2537 scilicet,
2379 2461 2452 2523 ut
2506 2459 2664 2523 sicut
2725 2458 2886 2539 apud
2906 2486 2957 2526 »ο

628 2561 948 2628 Hebraeos
994 2562 1325 2644 quondam,
1373 2562 1438 2627 id
1486 2565 1579 2627 est
1612 2563 1986 2646 peculiarem
2021 2580 2092 2627 ac
2121 2562 2440 2643 propriam
2472 2560 2571 2625 dei
2614 2563 2885 2644 gentem,

631 2682 774 2729 cum
838 2664 1209 2729 iudiciarius
1254 2665 1448 2729 honor
1502 2665 1571 2729 in
1630 2665 2013 2749 potestatem
2080 2666 2318 2747 regiam
2386 2662 2889 2739 transcendisset,

629 2768 1096 2849 probatissimos
1145 2771 1207 2831 et
1253 2768 1625 2834 lectissimos
1672 2769 1840 2833 uiros
1886 2786 1996 2848 per
2041 2766 2431 2849 unguentum
2463 2765 2705 2847 regium
2737 2764 2888 2830 deus

630 2870 881 2934 uocauit
925 2871 989 2934 in
1034 2888 1334 2953 regnum,
1393 2871 1485 2935 sic
1531 2890 1742 2936 omnes
1787 2870 2074 2934 homines
2122 2867 2493 2945 Christiani,
2558 2886 2701 2932 cum
2745 2871 2889 2950 post

632 2971 906 3036 chrisma
939 2973 1434 3039 ecclesiasticum
1467 2975 1675 3040 omnia
1718 2973 1818 3037 dei
1850 2973 2146 3037 mandata
2178 2971 2487 3048 fecissent,
2536 2971 2613 3035 ad
2647 2970 2958 3052 capim-25

571 3075 612 3140 9
634 3074 783 3138 dum
828 3075 1057 3140 laboris
1103 3078 1456 3159 praemium
1501 3081 1873 3142 uocarentur
1918 3078 1996 3141 ad
2044 3078 2305 3142 caelum.
2383 3093 2527 3140 cum
2573 3093 2717 3159 ergo
2761 3073 2891 3139 ista

633 3178 763 3241 sint
808 3179 1035 3256 omnia,
1080 3197 1188 3259 per
1233 3196 1389 3259 quae
1432 3177 1584 3242 fides
1634 3178 1911 3255 constat,
1958 3176 2287 3241 uideamus
2335 3175 2473 3257 quis
2517 3174 2698 3239 tanta
2739 3174 2889 3239 haec

632 3280 777 3345 fidei
822 3281 1217 3347 sacramenta
1262 3281 1602 3359 custodiat,
1661 3282 1734 3345 ut
1778 3280 1980 3346 fidelis
2042 3298 2171 3345 esse
2227 3279 2544 3362 uideatur,
2603 3278 2750 3360 quia
2792 3278 2890 3342 in-

632 3385 862 3462 fidelis,
930 3389 1003 3449 ut
1061 3384 1362 3461 diximuS,
1421 3385 1504 3449 sit
1563 3402 1810 3450 necesse
1869 3387 1966 3449 est
2023 3383 2130 3466 qui
2188 3382 2332 3447 fidei
2389 3381 2713 3445 commissa
2768 3397 2891 3444 non

633 3492 864 3555 seruat.
956 3494 1020 3554 et
1067 3489 1316 3571 quidem
1364 3507 1485 3553 non
1530 3506 1789 3570 quaero,
1850 3489 1925 3552 ut
1986 3488 2210 3551 cuncta
2255 3486 2447 3550 faciat
2493 3501 2648 3565 quae
2692 3484 2961 3555 testa-30

740 3782 767 3834 1
806 3778 982 3832 multa
1016 3778 1071 3831 Β
1275 3777 1309 3830 5
1343 3780 1522 3830 tamen
1559 3792 1659 3831 om.
1698 3776 1753 3829 Β
1964 3773 2094 3842 quid
2130 3771 2273 3826 enim
2309 3772 2364 3826 A
2569 3772 2603 3824 8
2647 3770 2757 3839 uel]
2796 3771 2893 3823 aut

633 3874 687 3927 Β
889 3871 1158 3925 hominem
1205 3870 1439 3924 fideliter
1484 3869 1539 3923 Β
1746 3870 1780 3922 9
1827 3884 1859 3921 a
1895 3867 2111 3923 Christo
2160 3866 2215 3919 Β
2421 3864 2489 3918 10
2535 3862 2892 3933 procuratoris

635 3969 690 4022 Β
897 3967 956 4020 11
987 3965 1383 4034 suppellectiles
1409 3963 1647 4033 copiosae
1671 3964 1726 4016 A
1777 3962 2148 4030 subpellectile
2172 3959 2382 4029 copiose
2407 3959 2462 4013 Β
2645 3959 2711 4013 19
2735 3972 2893 4027 gene·

635 4061 859 4116 rationis
910 4061 965 4114 Β
1167 4059 1236 4113 2Ο
1282 4059 1590 4113 unctionem
1625 4073 1695 4111 ex
1731 4057 2009 4111 untionem
2049 4057 2105 4110 A
2143 4072 2283 4111 corr.
2321 4072 2390 4110 m.
2427 4056 2467 4109 2
2670 4053 2736 4106 21
2788 4049 2895 4103 He-

637 4157 790 4211 breos
825 4156 880 4210 A
1074 4154 1141 4207 22
1176 4154 1464 4209 iudicarius
1499 4154 1555 4207 A
1754 4152 1822 4206 23
1857 4154 2155 4220 ungentum
2193 4150 2248 4203 Β
2454 4148 2523 4203 28
2558 4145 2790 4200 infidelis
2826 4158 2893 4198 ex

635 4242 877 4297 infideles
913 4242 969 4294 A
1003 4255 1142 4295 corr.
1178 4257 1247 4300 m,
1286 4242 1326 4295 2
