3380 4919
1095 312 1173 365 ad
1208 313 1565 367 ecclesiam
1608 313 1700 368 111
1738 318 1768 378 ξ
1808 313 2025 368 17-23,
2562 315 2689 382 275

428 505 688 583 patrem,
737 507 801 568 et
845 505 1074 569 amoris
1118 520 1376 568 munera
1417 503 1486 567 in
1518 503 1825 570 sacrificia
1872 512 2241 570 conuertens
2285 507 2533 570 tantum
2568 508 2687 572 sibi

427 606 782 674 inmortalis
826 608 984 674 lucri
1030 611 1093 673 et
1139 608 1467 673 beatorum
1510 606 1829 674 fructuum
1864 612 2063 691 parat,
2113 609 2185 673 ut
2228 612 2377 674 dum
2408 607 2472 672 id
2521 609 2684 690 quod

427 711 791 794 pignoribus
837 713 966 776 suis
1011 714 1335 795 praestans
1374 711 1624 776 domino
1671 730 1783 777 suo
1833 712 2130 790 faenerat,
2178 713 2292 776 hoc
2321 712 2474 792 ipse,
2521 712 2684 794 quod

428 815 559 879 suis
616 815 1062 882 liberalitatem
1122 814 1346 879 tribuit
1401 816 1864 897 temporariam,
1923 815 2045 880 sibi
2092 818 2435 880 mercedem
2481 816 2688 897 pariat

384 917 890 999 5sempiternam.
970 924 1035 984 at
1096 937 1238 985 uero
1297 936 1464 983 nunc
1518 919 1942 984 diuersissime
1991 923 2052 984 et
2097 920 2445 1000 inpiissime
2491 916 2686 984 nullis
2705 920 2785 984 21

427 1021 677 1086 0111111110
722 1042 759 1087 a
805 1022 935 1088 suis
993 1023 1201 1087 minus
1256 1022 1649 1102 relinquitur,
1711 1040 1901 1106 quam
1965 1023 2185 1104 quibus
2243 1025 2319 1088 ob
2363 1023 2465 1088 dei
2510 1041 2686 1087 reue-

425 1124 694 1189 rentiam
738 1127 880 1208 plus
924 1125 1200 1204 debetur,
1247 1126 1452 1190 nullos
1495 1127 1694 1209 pietas
1738 1127 1946 1190 minus
1975 1126 2250 1208 respicit,
2298 1144 2485 1208 quam
2533 1144 2686 1207 quos

424 1230 753 1312 praecipue
799 1228 1017 1311 religio
1063 1229 1474 1295 commendat.
1551 1228 1817 1311 denique
1865 1229 1921 1292 si
1953 1229 2061 1311 qui
2092 1247 2129 1293 a
2173 1230 2533 1311 parentibus
2563 1228 2684 1292 filii

425 1331 766 1396 offeruntur
831 1335 976 1409 dee,
1045 1332 1331 1397 omnibus
1401 1331 1550 1396 filiis
1615 1333 2074 1414 postponuntur
2141 1331 2366 1395 oblati:
2440 1331 2685 1412 indigni

352 1460 406 1512 10
422 1436 781 1499 iudicantur
824 1434 1189 1513 hereditate,
1237 1435 1384 1516 quia
1430 1434 1604 1518 digni
1649 1435 1889 1499 fuerint
1933 1434 2408 1511 consecratione,
2458 1453 2528 1499 ac
2573 1452 2682 1514 per

424 1538 539 1602 hoc
585 1556 708 1602 una
752 1541 1002 1603 tantum
1050 1557 1117 1602 re
1160 1538 1525 1621 parentibus
1569 1537 1728 1602 uiles
1774 1538 1957 1616 fiunt,
2020 1539 2165 1620 quia
2210 1538 2520 1618 coeperint
2567 1538 2679 1601 deo

424 1659 553 1705 esse
599 1641 872 1722 pretiosi.
948 1660 1020 1704 ex
1065 1658 1185 1723 quo
1231 1642 1516 1726 intellegi
1559 1645 1789 1725 potest,
1838 1642 2004 1724 quod
2038 1642 2257 1706 nullus
2288 1657 2481 1731 paene
2513 1640 2680 1721 apud

422 1743 702 1808 homines
757 1744 943 1809 uilior
999 1748 1097 1810 est
1155 1765 1343 1829 quam
1400 1745 1570 1822 deus,
1629 1745 1807 1810 cuius
1871 1746 2090 1827 utique
2147 1745 2223 1809 fit
2268 1743 2679 1825 despectione,

421 1849 494 1910 ut
550 1865 653 1911 eos
708 1849 1035 1929 praecipue
1093 1852 1383 1929 parentes
1441 1849 1605 1913 filios
1651 1848 1968 1931 spernant,
2029 1851 2135 1930 qui
2183 1847 2261 1912 ad
2308 1848 2491 1911 deum
2538 1862 2677 1911 coe-

352 1979 403 2019 15
420 1952 626 2033 perint
671 1953 1002 2032 pertinere.

438 2080 447 2083 ⁴
506 2087 584 2152 V.
661 2087 782 2154 Sed
850 2091 1233 2172 praeclaram
1300 2090 1595 2156 uidelicet
1663 2090 1772 2172 qui
1838 2090 1988 2156 haec
2056 2089 2301 2155 faciunt
2371 2089 2680 2154 rationem
2698 2098 2783 2164 22

423 2192 668 2256 consilii
714 2192 811 2256 sui
841 2192 1115 2256 reddunt
1152 2193 1458 2257 dicentes:
1508 2192 1657 2275 quid
1704 2211 1857 2275 opus
1904 2196 1999 2256 est
2044 2196 2114 2257 ut
2160 2191 2311 2256 filiis
2356 2193 2483 2256 iam
2528 2192 2677 2255 reli-

419 2294 611 2378 giosis
657 2313 851 2376 aequa
894 2296 1262 2360 hereditatis
1308 2297 1509 2376 portio
1553 2296 1995 2378 relinquatur?
2052 2294 2214 2359 nihil
2260 2313 2402 2377 ergo
2447 2294 2675 2358 iustius

419 2399 575 2466 nihil
607 2399 856 2482 dignius
887 2418 1075 2482 quam
1105 2401 1197 2478 ut,
1245 2400 1391 2482 quia
1423 2403 1760 2483 coeperunt
1789 2399 2069 2482 religiosi
2103 2417 2253 2478 esse,
2300 2398 2671 2475 mendicent,

350 2521 540 2574 20non
607 2502 858 2585 quidem
923 2504 1085 2587 quod
1155 2523 1254 2569 eos
1319 2505 1474 2568 haec
1528 2522 1626 2568 res
1683 2503 2092 2569 mendicitate
2149 2520 2521 2583 oppressura
2576 2504 2676 2577 sit,

419 2606 583 2688 quod
613 2626 650 2671 a
680 2608 945 2671 terrenis
991 2607 1400 2672 facultatibus
1435 2608 1828 2685 abdicantur,
1878 2609 2123 2671 caelum
2156 2625 2262 2687 spe
2292 2604 2677 2687 possidentes

421 2710 543 2773 cito
590 2710 779 2775 etiam
824 2730 890 2774 re
936 2728 1340 2793 possessurOS‚
1388 2711 1645 2793 regente
1693 2712 1836 2775 illos
1884 2713 1994 2776 deo
2034 2727 2143 2773 suo
2174 2728 2245 2773 ac
2287 2710 2673 2791 protegente,

421 2812 527 2895 qui
596 2830 694 2876 eos
760 2832 902 2877 cum
975 2814 1325 2879 immortali
1391 2834 1499 2896 spe
1570 2816 1967 2879 aeternorum
2041 2814 2236 2878 etiam
2302 2811 2680 2877 sufficientia

419 2915 857 2997 temporalium
912 2920 1307 3001 muneratur;
1375 2919 1485 2982 sed
1542 2920 1778 2995 tamen,
1840 2917 2150 2999 quantum
2195 2917 2274 2981 ad
2318 2916 2698 3002 inhumani--

350 3046 403 3087 25
419 3019 618 3083 tatem
673 3024 1004 3100 parentum
1062 3023 1348 3104 pertinet,
1410 3027 1611 3105 egent,
1673 3041 1712 3086 a
1756 3020 1982 3104 quibus
2031 3022 2121 3085 sic
2163 3020 2367 3085 relicti
2412 3020 2563 3084 sunt
2606 3020 2700 3082 ut‘

420 3127 700 3204 egerent:
760 3128 923 3189 certe
969 3125 1161 3189 etiam
1206 3128 1260 3190 si
1306 3128 1410 3207 qui
1454 3143 1575 3189 non
1621 3126 1877 3207 penitus
1924 3126 2111 3190 domu
2158 3123 2570 3188 eliminantur
2614 3125 2678 3186 et

418 3225 638 3306 quibus
684 3244 807 3289 non
853 3228 1105 3293 omnino
1155 3229 1500 3293 extorribus
1547 3228 1724 3310 quasi
1771 3246 1933 3309 aqua
1970 3231 2035 3291 et
2078 3227 2210 3309 igni
2256 3225 2675 3300 interdicitur,

418 3327 594 3394 tanto
639 3330 960 3396 inferiores
1022 3332 1322 3397 fratribus
1373 3332 1831 3413 relinquuntur,
1893 3332 1965 3395 ut
2010 3328 2261 3394 etiamsi
2306 3330 2676 3411 paupertate

417 3450 538 3498 non
585 3434 822 3517 egeant,
868 3435 1303 3516 conparatione
1351 3438 1561 3499 tamen
1607 3452 1786 3517 egere
1832 3433 2183 3498 uideantur.
2247 3432 2475 3508 dicitiS,
2526 3429 2675 3512 quid
2696 3435 2781 3500 23

519 3742 553 3795 3
609 3741 818 3796 fenerat
875 3742 930 3795 B
1133 3744 1168 3795 5
1212 3741 1281 3795 ad
1324 3758 1366 3796 s,
1402 3757 1505 3797 scr.
1537 3759 1608 3798 m.
1648 3744 1687 3795 2
1728 3743 1754 3794 t
1802 3740 1912 3794 AB
2120 3740 2186 3794 13
2239 3739 2567 3807 dispectione
2620 3740 2674 3793 A

416 3827 557 3895 desp.
599 3844 669 3881 ex
703 3828 839 3896 disp.
886 3844 1027 3881 corr.
1061 3845 1133 3885 m.
1168 3831 1204 3881 2
1250 3828 1305 3881 B
1513 3827 1580 3881 14
1624 3828 1718 3895 qui
1753 3825 1822 3881 ad
1857 3826 2013 3879 (1011111
2051 3842 2117 3880 σω
2153 3827 2279 3893 quia
2328 3824 2484 3878 deum
2530 3840 2675 3878 corr.

414 3930 483 3966 m.
518 3917 559 3968 2
608 3915 662 3966 A
870 3914 935 3967 18
971 3920 1101 3982 post
1135 3929 1307 3980 aequa
1342 3913 1469 3968 add.
1493 3930 1576 3981 -pt
1630 3929 1751 3967 cum
1787 3911 2051 3965 fratribus
2085 3911 2200 3964 suis
2406 3910 2474 3963 22
2510 3909 2674 3964 etiam

414 4016 456 4058 8.
495 4000 528 4054 l.
567 4018 635 4054 m.
672 4004 709 4055 2
743 3998 873 4054 add.
921 4000 975 4052 A
1181 3999 1251 4052 24
1296 4001 1605 4052 muneratur
1651 4005 1719 4053 e‘oe
1766 4000 2082 4052 munuratur
2116 4012 2255 4051 corr.
2291 4013 2361 4050 m.
2398 4000 2435 4049 2
2481 3998 2537 4050 A

414 4087 483 4140 26
519 4086 679 4139 (101110
716 4102 784 4140 ex
820 4085 982 4139 domu
1017 4100 1156 4139 corr.
1195 4101 1262 4137 m.
1300 4087 1341 4138 2
1375 4084 1484 4137 AB
1692 4087 1746 4137 et
1781 4086 2022 4139 omittere
2055 4083 2212 4137 malit
2246 4082 2567 4136 Harteliws

415 4172 482 4225 27
519 4173 664 4241 ignis
690 4189 761 4227 ex
783 4173 902 4242 igni
926 4188 1062 4230 corr.
1090 4189 1159 4225 m.
1186 4175 1226 4225 2
1260 4172 1373 4225 AB
1537 4178 1664 4240 post
1700 4171 2040 4225 interdicitur
2063 4171 2205 4226 add.
2234 4187 2280 4239 p
2316 4177 2368 4225 et
2403 4170 2521 4224 edd.
2547 4174 2676 4223 ante

415 4258 730 4314 Halmium:
767 4274 885 4312 cum
910 4260 972 4311 ut
995 4260 1181 4311 tenues
1206 4260 1302 4311 aut
1325 4260 1465 4311 certe
1499 4257 1888 4311 usufructuarii
1925 4257 2316 4327 relinquuntur,
2358 4259 2536 4309 tamen

2364 4359 2473 4413 18*
