3380 4919
1029 316 1104 369 de
1139 312 1407 383 gubern.
1445 310 1549 366 dei
1585 310 1694 371 VII
1729 315 1759 377 5
1795 312 1982 372 9—15.
2508 313 2624 380 159

389 503 677 587 uoluptas
727 519 1032 587 nusquam
1073 502 1461 586 inquinatior
1506 505 1642 572 uita
1685 523 1998 591 nusquam
2048 511 2393 596 eorruptior
2436 515 2624 581 disei-

389 607 579 690 plina.
612 644 615 651 >
669 606 830 673 hano
886 624 996 691 pro
1036 606 1427 675 {muneribus
1469 610 1664 675 saeris
1717 609 2019 676 dederunt
2062 614 2311 680 domino
2355 616 2626 683 retribu-

391 710 644 790 tionem,
689 713 763 776 ut
806 711 875 775 in
912 710 1220 792 quantum
1263 727 1367 777 eos
1407 711 1712 778 benifioiis
1754 715 1888 780 suis
1925 714 2047 781 iste
2092 716 2171 782 ad
2214 730 2283 782 se
2325 716 2628 787 inlexerat

390 814 467 878 ad
509 811 1111 896 propitiandum-‘in
1154 816 1402 881 tantum
1447 814 1548 880 illi
1574 814 1850 899 flagitiis
1894 819 2023 884 suis
2075 818 2498 895 laborauerint
2545 821 2628 886 ad-

347 935 375 976 ο
392 915 896 981 exacerbandum.
990 942 997 967 ι
1258 962 1265 971 .
1336 958 1341 969 ›
2097 962 2100 969 »

466 1052 588 1117 ῙΙΙ.
637 1053 743 1118 An'
790 1052 951 1118 forte
999 1053 1228 1121 falsum
1275 1058 1370 1123 est
1401 1057 1464 1122 et
1494 1057 1798 1123 inuidiose
1842 1057 2068 1143 potius'
2096 1078 2284 1145 quam
2326 1048 2473 1126 uere
2502 1061 2627 1126 ista
2650 1059 2728 1125 13

397 1155 734 1223 dicuntur?>
778 1174 901 1221 non
945 1160 1089 1222 utar
1119 1176 1189 1222 ea
1219 1159 1600 1242 probatione,
1648 1177 1771 1242 qua
1800 1161 1897 1224 uti
1928 1160 2038 1226 alii
2067 1162 2131 1226 in
2164 1163 2367 1241 causis
2401 1163 2624 1240 solent,

392 1261 461 1322 ut
504 1261 838 1343 producam
872 1277 1291 1345 quoscumque
1321 1262 1400 1326 ad
1452 1263 1835 1345 probandum
1884 1268 1993 1328 aut
2021 1278 2246 1348 paucos
2280 1268 2389 1329 aut
2420 1267 2626 1332 extra·

391 1376 534 1426 neos
579 1362 690 1427 aut
733 1362 940 1426 minus
985 1362 1232 1428 idoneos
1277 1364 1502 1429 testes:
1563 1354 1729 1447 ipsos
1775 1367 2272 1455 interrogemus‚'
2320 1386 2357 1433 a
2402 1368 2626 1450 q'uibus

326 1482 374 1521 ιο
395 1468 533 1529 acta
562 1467 729 1530 sunt.
762 1465 993 1531 falsum
1023 1465 1311 1544 diximuS,
1344 1466 1399 1530 s‘i
1427 1468 1734 1550 negarint.
1767 1466 2044 1532 fatentur
2068 1468 2236 1537 enim
2268 1471 2328 1534 et
2354 1471 2625 1552 quidem,

392 1566 552 1649 quod
597 1569 691 1632 est
733 1570 1006 1652 grauiuS,
1052 1569 1140 1634 sio
1182 1568 1474 1648 fatentur,
1522 1571 1593 1634 ut
1637 1572 1701 1634 in
1746 1569 1883 1653 ipsa
1927 1569 2304 1636 confessione
2347 1588 2468 1637 non
2513 1574 2625 1638 do·

394 1669 579 1735 leant.
623 1670 791 1735 idem
838 1666 1025 1736 enim
1049 1689 1212 1739 nune
1255 1671 1351 1736 est
1395 1675 1637 1736 animus
1683 1674 1749 1736 in
1793 1672 2132 1738 fatentibus
2157 1674 2284 1756 wqui
2326 1674 2390 1739 in
2434 1693 2625 1758 agen-

392 1772 560 1837 tibus
606 1771 748 1838 fuit.
799 1773 965 1838 sieut
1008 1777 1157 1838 tune
1185 1786 1306 1838 non
1337 1774 1559 1857 puduit
1589 1773 1831 1856 flagitia
1874 1775 2282 1855 committere,
2329 1777 2420 1842 sie
2461 1797 2626 1844 nuno

392 1875 640 1942 omnino
701 1893 824 1941 non
883 1876 1158 1959 paenitet
1214 1874 1525 1961 flagitiosa
1582 1875 1817 1941 fecisse.
1912 1874 2183 1960 exeeptis
2228 1879 2443 1944 tamen
2486 1888 2627 1964 per·
2650 1879 2731 1944 14

331 1976 601 2061 ispaucis
644 1979 838 2044 ferme
883 1979 1123 2047 sanetis
1179 1982 1367 2065 atque
1412 1981 1760 2064 insignibus
1812 1981 1996 2061 uiris,
2058 1984 2195 2065 qui,
2245 1984 2327 2067 ‚ut
2372 1983 2628 2067 qnidam

394 2082 465 2146 de
522 2101 777 2148 numero
833 2085 1112 2167 ipsorum
1168 2086 1290 2163 ait,
1358 2085 1668 2168 sparsis
1734 2084 2237 2150 redemerunt
2302 2088 2629 2153 erimina

394 2186 750 2265 nummis,
800 2185 1092 2270 exeeptis,
1141 2187 1414 2272 inquam,
1459 2187 1556 2253 his
1600 2188 1835 2270 loquor,
1882 2206 2031 2272 quos
2075 2188 2289 2272 utique
2327 2191 2517 2254 etiam
2561 2189 2627 2254 in

394 2286 506 2351 illa
533 2290 685 2353 tuno
713 2290 989 2372 generali
1017 2287 1347 2355 admodum
1380 2289 1747 2355 conluuione
1790 2289 2083 2356 uitiorum
2118 2293 2287 2355 reete
2315 2291 2628 2356 minorum

398 2390 728 2455 criminum
784 2408 919 2456 reos
979 2391 1165 2455 fuisse
1212 2391 1544 2472 eredimu8‚
1604 2392 1712 2475 qui
1766 2392 1987 2475 corrigi
2042 2410 2080 2457 a
2122 2392 2452 2458 diuinitate
2496 2412 2628 2458 me·

328 2515 376 2555 no
396 2495 668 2560 ruerunt.
716 2513 837 2560 non
868 2495 1114 2577 penitus
1145 2494 1309 2560 enim
1340 2493 1659 2560 dominum
1688 2509 1873 2560 suum
1903 2495 2095 2561 laedit
2139 2496 2238 2560 oui
2269 2498 2628 2579 propitiatio

395 2601 765 2662 reseruntur.
812 2598 874 2662 et
918 2596 1065 2682 quid
1107 2597 1336 2680 plura?
1378 2602 1528 2679 puto
1574 2597 1737 2681 quod
1785 2615 2026 2680 semper
2054 2599 2240 2664 deum
2283 2603 2345 2664 et
2386 2600 2451 2664 in
2498 2599 2628 2683 ipso

397 2717 597 2765 errore
628 2701 986 2784 respexerit,
1034 2719 1070 2765 a
1101 2718 1220 2782 quo
1256 2700 1376 2765 hoo
1405 2700 1684 2766 obtinere
1725 2702 1954 2784 potuit,
1999 2721 2076 2767 ne
2105 2702 2342 2768 diutius
2379 2706 2628 2768 erraret.

397 2802 583 2867 ceteri
639 2805 848 2868 autem
914 2805 975 2867 et
1043 2803 1300 2885 plurimi
1364 2806 1559 2870 ferme
1626 2823 1701 2871 ae
1768 2805 2137 2871 nobilissimi
2202 2824 2388 2889 prope
2464 2808 2631 2872 idem
2652 2802 2729 2868 15

399 2922 637 2970 omnes:
682 2923 876 2990 paene
920 2925 1081 2971 unus
1124 2924 1351 2992 gurges
1382 2909 1660 2973 omnium
1696 2909 1848 2993 gula
1889 2928 2086 2993 paene
2132 2928 2328 2974 unum
2371 2910 2631 2993 lupanar

333 3009 677 3078 nomnium
721 3009 874 3074 uita.
922 3012 986 3075 et
1025 3008 1176 3091 quid
1221 3010 1423 3076 dicam
1469 3010 1544 3075 de
1589 3011 2036 3094 lupanaribus?
2100 3012 2360 3078 minoris
2406 3013 2630 3097 quippe

495 3297 528 3349 6
572 3295 855 3367 inuidioso]
902 3295 1146 3351 odiosum
1190 3296 1247 3350 Β
1448 3296 1479 3349 ’1
1526 3311 1631 3351 non
1677 3301 1801 3353 utar
1849 3315 1911 3354 ea
1946 3299 2234 3355 Halmium
2291 3315 2398 3355 non
2432 3300 2630 3355 utscire

394 3396 425 3435 a
456 3384 512 3435 A
561 3397 670 3436 non
704 3384 768 3435 ut
790 3379 888 3436 'ore
920 3398 953 3436 a
984 3382 1041 3436 Β
1077 3384 1207 3448 (non
1232 3382 1461 3436 oratoria
1502 3383 1622 3438 Ttv
1655 3389 1706 3438 et
1738 3384 1855 3441 edd.
1882 3400 2020 3453 quae
2035 3391 2166 3452 post
2201 3386 2374 3441 solent
2407 3386 2629 3441 addunt

394 3469 539 3535 utar)
563 3483 668 3521 non
694 3469 818 3521 utar
842 3467 1044 3522 scilieet
1067 3483 1128 3521 ea
1149 3469 1463 3537 suspicatur
1486 3469 1780 3524 Hartelius
1947 3471 1981 3524 8
2016 3472 2112 3524 aut
2148 3470 2361 3540 paucos]
2399 3469 2467 3525 ad
2501 3487 2630 3539 pau-

392 3568 476 3607 oos
520 3554 674 3620 B(T)
720 3589 723 3594 -
879 3554 945 3607 10
988 3554 1184 3608 falsum
1229 3557 1292 3607 ut
1335 3555 1389 3608 Β
1595 3555 1843 3623 negarint
1887 3555 1944 3609 Β
1985 3560 2039 3609 et
2083 3571 2223 3611 corr.
2260 3572 2326 3611 ex
2371 3559 2632 3623 negarent

394 3654 460 3694 m.
493 3642 535 3694 2
586 3639 642 3693 A
849 3638 914 3694 13
963 3639 1175 3708 puduit]
1229 3641 1407 3708 potuit
1439 3639 1535 3695 sed
1566 3656 1609 3695 s.
1650 3656 1680 3694 o
1716 3654 1819 3696 eor.
1855 3658 1928 3697 m.
1961 3644 2000 3696 2
2035 3642 2123 3695 eni
2159 3645 2309 3712 (erqo
2344 3642 2631 3710 poenituit)

395 3725 449 3778 A
634 3724 684 3778 si
716 3740 758 3779 s.
792 3739 896 3780 ser.
930 3740 960 3780 e
991 3741 1060 3779 m.
1095 3741 1201 3780 rec.
1238 3726 1292 3779 A
1485 3725 1552 3781 14
1583 3726 1826 3796 paenitet
1858 3726 1946 3782 hic
1978 3728 2031 3781 A
2228 3726 2294 3781 15
2327 3727 2631 3797 insignibus

395 3825 463 3864 ιω
496 3810 807 3879 insegnibus
840 3811 896 3864 A
931 3826 1068 3865 corr.
1102 3827 1172 3864 m.
1210 3813 1251 3865 2
1454 3812 1519 3865 16
1567 3812 1902 3867 redemerunt
1936 3828 2006 3867 ex
2036 3812 2365 3870 redimerunt
2397 3814 2453 3868 A
2489 3830 2631 3871 corr.

393 3910 461 3948 m.
484 3900 521 3951 2
544 3896 736 3961 (uerba
757 3896 989 3951 laudata
1011 3897 1311 3953 hexametri
1322 3895 1545 3966 'partem
1569 3913 1679 3954 esse
1703 3900 2054 3966 manifestum
2075 3899 2330 3967 uidetur-5
2362 3903 2632 3970 correptio

394 3979 509 4049 ενα.
532 3981 1040 4050 antepaenuztimae,
1075 3996 1401 4051 quamquam
1423 3982 1507 4037 πα
1527 3983 1840 4051 offensionis
1858 3984 2051 4041 habeat
2073 3986 2135 4039 im
2156 3986 2406 4041 uersibus
2440 3987 2634 4044 ‘swncti

395 4067 542 4133 νῶΐ,
592 4067 642 4121 ei
693 4083 848 4136 qum
899 4068 1188 4135 offenderit
1201 4110 1214 4134 ,
1264 4068 1429 4136 facile
1479 4085 1551 4124 ex
1596 4072 1881 4140 scriptura
1931 4072 1986 4124 A
2041 4071 2373 4127 redimerunt
2426 4073 2634 4139 (elicere

389 4153 564 4219 possit
608 4153 963 4220 redimebant;
1016 4151 1249 4209 ceterum
1294 4170 1332 4207 a
1374 4170 1478 4224 quo
1520 4156 1776 4224 profecta
1808 4158 1922 4211 sent
1954 4159 2124 4212 uerba
2156 4174 2270 4213 ‘non
2301 4158 2498 4227 liquet)

398 4237 462 4292 17
499 4254 631 4308 quos
665 4240 854 4309 loquor
888 4240 943 4295 B
1148 4240 1217 4295 20
1250 4239 1420 4294 laedit
1453 4240 1619 4308 (ludit
1649 4259 1720 4297 m.
1759 4247 1811 4309 1)
1847 4258 2004 4297 suum
2039 4244 2093 4297 Β
