3380 4919
693 295 821 362 180
1657 294 1972 350 Saluiani

688 484 871 563 tinet,
919 484 1055 568 quis
1098 484 1164 549 in
1209 483 1319 550 illo
1363 502 1621 549 numero
1663 484 1798 548 tam
1850 483 2171 549 innumero
2218 487 2420 549 castus
2466 485 2635 550 fuit?
2700 489 2941 552 6661616

688 586 873 652 dico?
917 589 1053 670 quis
1098 605 1221 652 non
1265 587 1638 652 fornicarius
1684 604 1801 653 non
1853 587 2115 667 adulter,
2165 589 2231 652 61
2273 587 2388 653 1166
2425 588 2559 653 6166
2592 591 2941 655 6666611666

686 692 818 756 6166
863 689 1179 755 termino?
1223 710 1472 756 rursum
1503 689 1823 757 clamitem
1854 691 2067 773 itaque
2100 709 2350 757 necesse
2396 693 2527 757 est:
2595 712 2751 775 quae
2797 711 2938 775 spes

685 793 749 857 in
792 793 904 857 illo
960 794 1187 875 populo
1242 811 1372 859 esse
1428 794 1687 876 poterat,
1749 794 1860 858 ubi
1916 813 2058 859 cum
2116 813 2277 859 unus
2333 794 2648 859 interdum
2695 796 2940 861 adulter

681 895 933 979 plebem
978 896 1460 962 ecelesiasticam
1505 897 1766 981 ponuat,
1814 898 1900 962 ibi
1946 897 2115 962 inter
2159 896 2274 962 illa
2303 883 2398 962 toi
2443 898 2637 976 milia,
2686 899 2742 963 si
2789 899 2937 962 dui-
2983 921 3012 962 ⁵

683 998 1044 1083 gentissime
1112 1017 1463 1082 quaereres,
1537 1002 1783 1064 castum
1848 1000 1953 1064 uel
2020 1000 2087 1065 in
2155 1000 2414 1066 66616616
2481 1000 2764 1066 16666116
2831 1003 2938 1066 uix

581 1111 663 1176 76
682 1119 909 1184 posses
984 1103 1124 1186 plus
1191 1104 1390 1167 multo
1461 1103 1682 1167 dicam.
1760 1102 2004 1166 utinam
2073 1102 2220 1167 haec
2285 1105 2491 1168 essent
2557 1104 2705 1182 sola,
2782 1122 2936 1186 quae

682 1205 973 1286 diximus,
1024 1207 1088 1269 et
1132 1208 1426 1271 contenta
1466 1206 1600 1271 11116
1641 1205 1920 1270 uirorum
1952 1206 2284 1287 impuritas
2315 1206 2537 1271 fuisset
2566 1207 2712 1271 solis
2743 1206 2937 1272 sordi-

684 1309 901 1372 darum
959 1308 1296 1372 mulierum
1355 1308 1873 1374 fornicationibus
1934 1307 2271 1390 inquinari.
2348 1309 2511 1374 illud
2573 1309 2827 1392 grauius
2874 1311 2937 1373 et
3016 1299 3020 1303 ’

681 1410 1023 1494 6661661166,
1083 1413 1246 1493 quod
1302 1411 1435 1490 illa,
1500 1412 1576 1475 de
1621 1411 1843 1494 quibus
1890 1411 2104 1475 beatus
2149 1410 2465 1492 apostolus
2511 1411 2745 1476 Paulus
2793 1429 3010 1480 661616

681 1534 929 1580 summa
973 1516 1166 1579 animi
1210 1516 1658 1580 lamentatione
1705 1516 2118 1597 conqueritur,
2164 1515 2232 1577 in
2275 1513 2443 1578 Afris
2486 1532 2682 1595 paene
2726 1513 2938 1577 omnia

682 1617 969 1683 fuerunt:
1037 1618 1276 1684 66111661
1343 1619 1490 1700 quia
1557 1619 1822 1683 masculi
1889 1618 2106 1682 relicto
2166 1617 2437 1682 naturali
2494 1635 2612 1682 usu
2667 1616 2936 1682 feminae

682 1723 1043 1786 exarserunt
1086 1725 1150 1785 16
1195 1720 1520 1787 desideriis
1566 1723 1697 1785 suis
1742 1721 1810 1784 in
1862 1721 2159 1799 inuicem,
2208 1722 2471 1784 masculi
2514 1719 2581 1783 16
2628 1719 2934 1784 masculos

681 1823 1138 1904 turpitudinem
1194 1827 1548 1889 exercentes
1607 1825 1672 1888 et
1730 1824 2079 1888 mercedem
2135 1841 2322 1905 quam
2383 1823 2657 1907 oportuit
2711 1821 2933 1887 erroris

580 1932 660 1996 77
680 1927 776 1990 sui
818 1928 882 1990 in
927 1927 1291 2008 semetipsos
1338 1926 1731 2009 recipientes.
1803 1928 1869 1991 et
1912 1926 2074 1992 sicut
2118 1946 2241 1992 non
2284 1929 2701 2010 probauerunt
2747 1926 2932 1989 deum
2954 1953 3006 1992 15

679 2028 904 2093 habere
948 2030 1016 2092 in
1059 2029 1307 2108 notitia,
1354 2030 1613 2096 tradidit
1655 2031 1801 2095 illos
1850 2030 1997 2095 deus
2043 2032 2110 2094 in
2154 2031 2491 2113 reprobum
2536 2048 2813 2108 sensum,
2862 2030 2933 2091 ut

678 2131 913 2197 faciant
958 2151 1116 2215 quae
1160 2151 1281 2198 non
1326 2133 1637 2199 conuenit.
1716 2135 2020 2217 numquid
2066 2136 2182 2199 1166
2226 2135 2449 2199 beatus
2497 2132 2812 2216 apostolus
2860 2132 2937 2195 de

679 2234 959 2301 barbaris
1015 2254 1088 2300 66
1144 2235 1293 2300 feris
1351 2238 1642 2319 gentibus
1701 2237 1904 2303 dixit?
1975 2255 2095 2302 666
2153 2238 2385 2321 utique,
2455 2239 2561 2301 sed
2615 2239 2689 2300 de
2733 2233 2932 2312 nobis⁹

679 2337 745 2403 id
790 2341 883 2403 est
925 2341 1273 2423 specialiter
1317 2340 1390 2406 (16
1436 2341 1772 2406 Romanis:
1819 2358 1971 2422 quos
2019 2340 2267 2422 quidem
2299 2338 2463 2418 Afri,
2512 2340 2656 2420 quia
2701 2355 2933 2420 nequa-

679 2459 868 2524 quam
935 2442 1090 2509 olim
1154 2443 1402 2508 uincere
1460 2443 1725 2528 imperio
1769 2462 1840 2508 ac
1883 2443 2277 2508 sublimitate
2343 2442 2700 2520 ualuerunt‚
2772 2439 3008 2523 quodso

678 2547 1014 2628 potuerunt
1072 2565 1286 2625 unum,
1350 2546 1722 2628 impuritate
1780 2546 2086 2610 uicerunt.
2164 2547 2535 2627 quicumque
2594 2563 2738 2628 ergo
2792 2542 2936 2607 iure

679 2668 745 2714 se
800 2648 961 2713 mihi
1014 2650 1199 2714 irasci
1255 2652 1441 2730 putat
1493 2649 1698 2733 magis
1758 2650 2033 2731 apostolo
2091 2649 2418 2727 irascatur,
2478 2647 2721 2713 scilicet
2766 2646 2929 2729 quia,

679 2751 842 2832 quod
886 2752 1148 2818 dicimus
1193 2769 1303 2817 nos
1361 2751 1552 2816 fuisse
1595 2752 1802 2834 AfroS,
1866 2752 1979 2817 hoc
2036 2751 2145 2816 ille
2189 2751 2347 2816 dixit
2392 2751 2673 2816 dominos
2719 2769 2931 2814 eorum

679 2871 809 2918 esse
862 2854 1190 2919 Romanos.

577 2961 658 3027 ’78
762 2954 1000 3020 XVIII.
1071 2955 1190 3021 Sed
1236 2956 1395 3021 forte
1442 2956 1651 3022 iduel
1698 2956 2012 3022 occultum
2057 2956 2221 3039 quod
2266 2956 2581 3039 loquimur
2624 2958 2775 3033 erat,
2823 2955 2933 3019 aut
2953 2984 3008 3025 25

676 3058 889 3123 saltim
919 3058 1039 3123 hoc
1067 3058 1476 3141 prouidebant
1500 3062 1930 3141 procuratores
1961 3058 2245 3141 publicae
2276 3059 2507 3140 passim
2538 3056 2924 3140 disciplinae.

885 3219 950 3272 10
996 3219 1145 3273 Rom.
1182 3220 1231 3285 1,
1267 3220 1349 3274 27.
1385 3220 1454 3274 28
1564 3225 1569 3228 “

779 3368 811 3421 1
855 3368 950 3437 qui
994 3370 1050 3421 A
1254 3368 1290 3421 4
1335 3368 1402 3421 dc
1435 3367 1528 3421 ubi
1565 3368 1635 3435 cf.
1672 3368 1914 3423 indicem
1950 3366 2087 3435 III;
2140 3366 2236 3420 sed
2266 3367 2397 3434 fort.
2434 3380 2664 3434 sequens
2697 3364 2777 3417 ibi
2814 3362 2931 3431 (ubi

680 3455 790 3521 Tv)
824 3454 956 3509 iude
993 3459 1172 3509 ortum
1207 3459 1259 3509 et
1292 3454 1580 3508 delendum
1616 3458 1697 3507 est
1918 3453 1952 3507 5
1986 3453 2082 3506 illa
2118 3451 2262 3521 quod
2298 3457 2375 3507 est
2407 3451 2472 3506 iu
2505 3452 2561 3505 A
2594 3465 2710 3505 uon
2745 3449 2932 3504 adnot.

673 3541 961 3595 Halmius.-
1013 3555 1112 3594 om.
1150 3540 1207 3594 Β
1241 3546 1294 3595 et
1328 3556 1450 3594 cum
1484 3540 1606 3594 cdcl.
1644 3540 1910 3595 Halmius
2118 3538 2151 3591 6
2193 3538 2459 3607 quaereris
2507 3537 2603 3592 secl
2637 3553 2695 3591 re
2732 3541 2928 3604 punct.

673 3627 756 3691 A,
799 3627 948 3680 idem
981 3628 1167 3682 statim
1201 3627 1398 3696 possis;
1430 3627 1560 3693 fort.
1595 3627 1752 3682 scrib.
1785 3626 1904 3692 fuit
1936 3625 2486 3695 quaesieris—possis
2666 3624 2701 3677 8
2736 3620 2927 3675 fuisset

674 3712 788 3766 sola
822 3712 982 3779 B(T)
1176 3712 1243 3765 11
1280 3713 1619 3781 conqueritur
1654 3727 1722 3766 ex
1757 3711 1995 3780 conquir.
2032 3711 2089 3764 A
2124 3726 2263 3766 corr.
2302 3726 2370 3764 m.
2410 3712 2450 3764 2
2651 3707 2714 3763 13
2751 3709 2808 3761 in
2843 3706 2927 3760 in-

673 3796 845 3850 uicem
880 3803 1101 3865 praeter
1136 3797 1189 3849 Β
1224 3799 1387 3852 ctiam
1421 3798 1477 3851 A
1511 3797 1795 3865 (Halmius
1830 3796 1961 3850 adn.
1997 3796 2273 3863 inuicem):
2334 3797 2563 3850 inuicem
2602 3795 2652 3849 T
2665 3793 2934 3849 Halmius

675 3882 743 3948 cf.
767 3880 988 3935 Rousch
1012 3882 1166 3936 Itala
1190 3888 1241 3937 et
1273 3883 1427 3953 Vulq.
1451 3898 1507 3951 p.
1532 3886 1642 3938 233
1833 3883 1898 3936 16
1933 3882 1990 3935 16
2026 3883 2224 3936 notitia
2258 3881 2453 3936 habere
2487 3881 2542 3934 A
2576 3881 2672 3936 sed
2706 3880 2928 3936 adiecta

673 3973 805 4022 suut
837 3970 1280 4037 irmpositiouis
1313 3972 1475 4040 siqua
1680 3969 1747 4022 21
1782 3969 2065 4023 uincerunt
2099 3969 2196 4024 sed
2230 3986 2267 4023 6
2296 3970 2489 4038 priore
2507 3972 2698 4037 punct.
2735 3968 2791 4021 A

673 4053 742 4107 23
787 4053 1028 4109 dominos
1074 4071 1142 4110 ex
1187 4056 1434 4111 dominus
1478 4057 1534 4111 A
1568 4071 1707 4111 corr.
1743 4071 1811 4109 m.
1850 4058 1890 4109 2
2095 4056 2161 4111 25
2209 4056 2321 4125 aut]
2366 4059 2433 4110 ut
2468 4055 2583 4124 (uel
2617 4056 2699 4123 ac)
2735 4054 2791 4107 B

673 4139 741 4193 26
777 4139 876 4194 hoc
912 4141 968 4194 Β
1001 4157 1045 4196 6.
1081 4143 1118 4197 l.
1324 4141 1538 4210 publice
1571 4142 1772 4209 passim
1808 4142 2121 4210 disciplinae
2156 4158 2224 4196 ne
2257 4142 2373 4210 (secl
2404 4156 2469 4195 66
2503 4156 2546 4195 6.
2579 4133 2624 4197 l.
2651 4157 2716 4194 m.
2745 4140 2805 4209 2)
2843 4141 2931 4194 A:

672 4241 739 4279 ne
774 4226 1018 4295 publicae
1055 4227 1254 4297 passim
1291 4227 1611 4296 disciplinae
1647 4228 1704 4282 Β
