3380 4919
1210 380 1283 432 de
1320 379 1585 448 gubern.
1624 380 1736 431 dei
1770 378 1799 431 1
1838 378 1869 448 ἓ
1906 379 2127 433 48-51.
2711 381 2796 447 25

544 570 788 653 inquit,
851 589 1016 635 eum
1063 571 1139 638 in
1186 587 1575 635 carcerem
1599 617 1614 647 ‚
1672 570 1916 634 (101100
1972 571 2378 653 uiderent,
2435 571 2625 652 quid
2668 570 2793 635 iu-

542 675 764 738 beret
821 674 1213 753 dominus,
1263 673 1397 755 qui
1443 674 1763 738 loeutus
1811 676 1934 738 est
1977 677 2063 739 ad
2110 673 2431 756 Moysen
2478 675 2790 740 dioens:

541 779 738 842 educ
805 776 1352 859 blasphemum
1408 781 1629 842 extra
1686 780 1984 855 eastra,
2045 778 2124 841 et
2181 778 2483 860 ponant
2536 795 2791 843 omnes

540 883 677 962 qui
723 880 1157 945 audierunt
1219 897 1493 946 manus
1548 898 1787 962 super
1854 883 2090 963 eaput
2145 880 2310 944 eius
2375 883 2448 944 et
2490 880 2791 962 lapidet

502 1001 709 1047 zeum
752 984 1092 1066 populus
1139 982 1590 1048 uniuersus,
1665 983 1971 1066 numquid
2025 1000 2149 1049 non
2203 1001 2496 1066 praesens
2553 983 2653 1048 dei
2698 983 2898 1048 est5O

541 1085 1071 1168 manifestumque
1126 1084 1431 1152 iudicium
1490 1088 1555 1151 et
1619 1086 1864 1168 prolata
1909 1085 2090 1167 quasi
2132 1085 2308 1151 iuxta
2352 1085 2611 1150 humani
2654 1105 2792 1151 exa-

540 1189 732 1253 minis
779 1189 1042 1254 formam
1102 1188 1359 1253 caelesti
1417 1188 1868 1271 disceptatione
1919 1190 2282 1253 sententia?
2354 1189 2628 1271 primum
2687 1195 2792 1273 qui

540 1294 908 1374 peooauerat
955 1291 1441 1372 comprehensus
1494 1294 1619 1374 est,
1684 1291 1955 1356 seeundo
2011 1294 2187 1373 quasi
2231 1292 2310 1356 ad
2356 1291 2636 1358 tribunal
2681 1293 2793 1358 ad-

544 1395 789 1474 ductus,
837 1395 1024 1459 tertio
1071 1398 1422 1476 aecusatus,
1471 1394 1693 1459 deinde
1740 1394 1805 1457 in
1837 1411 2145 1458 carcerem
2188 1393 2435 1478 missuS,
2480 1397 2792 1477 postremo

470 1517 523 1558 ιο
541 1494 834 1564 caelestis
881 1497 1092 1565 iudicii
1144 1499 1515 1564 auctoritate
1557 1501 1848 1578 punitus:
1896 1515 2077 1580 porro
2114 1500 2325 1563 autem
2370 1518 2491 1564 non
2537 1502 2791 1580 punitus

539 1605 792 1667 tantum
838 1603 945 1666 sed
989 1603 1248 1684 punitus
1295 1605 1411 1668 sub
1457 1601 1837 1678 testimonio,
1892 1606 1964 1665 ut
2009 1603 2303 1665 damnare
2331 1601 2577 1666 seilicet
2621 1603 2792 1667 uide-

539 1709 716 1768 retur
745 1724 925 1769 reum
955 1704 1206 1770 iustitia
1236 1721 1360 1769 non
1390 1707 1689 1787 potestas,
1737 1704 2015 1787 exemplo
2045 1703 2287 1769 seilicet
2317 1704 2395 1768 ad
2428 1704 2791 1769 ounotorum

538 1809 1037 1873 emendationem
1082 1806 1472 1891 proficiente,
1519 1810 1592 1871 ut
1636 1825 1715 1872 ne
1761 1806 1868 1888 qui
1921 1806 2136 1889 postea
2178 1806 2567 1886 admitteret,
2626 1810 2788 1891 quod

538 1911 739 1975 omnis
788 1911 853 1975 in
902 1927 1025 1975 uno
1070 1909 1338 1993 populus
1394 1909 1801 1977 uindicasset.
1889 1910 2005 1976 hae
2055 1909 2250 1993 igitur
2306 1911 2550 1976 ratione
2602 1916 2789 1994 atque

468 2038 522 2080 15
537 2014 769 2079 iudicio
829 2014 1040 2079 omnia
1084 2017 1232 2078 deus
1276 2014 1341 2077 et
1403 2030 1568 2077 1111110
1612 2014 1748 2096 agit
1792 2016 1856 2077 et
1911 2032 2156 2096 semper
2211 2014 2372 2096 egit,
2433 2016 2674 2080 scilieet
2719 2018 2792 2080 ut

538 2118 906 2183 correctioni
972 2117 1256 2183 omnium
1311 2117 1638 2200 proficeret
1703 2117 1995 2199 quiequid
2061 2117 2298 2201 singuli
2365 2119 2788 2199 pertulissent.

537 2221 701 2286 810111
744 2221 937 2286 etiam
981 2220 1147 2285 illud
1191 2219 1332 2300 fuit,
1381 2239 1522 2285 oum
1570 2219 1743 2285 Abiu
1787 2222 1855 2284 et
1903 2217 2144 2298 Nadab,
2201 2220 2601 2287 sacerdotalis
2647 2238 2790 2285 san·
2810 2224 2889 2289 51

540 2324 748 2408 guinis
794 2324 950 2402 uiri,
1020 2324 1279 2391 caelesti
1322 2323 1470 2407 igne
1529 2322 1886 2404 consumpti
1943 2325 2127 2389 sunt:
2183 2323 2247 2387 in
2308 2325 2531 2405 quibus
2574 2323 2790 2406 utique

537 2447 658 2494 non
704 2426 1009 2494 iudicium
1052 2425 1305 2491 tantum
1348 2427 1454 2491 sed
1497 2442 1796 2508 praesens
1849 2426 2175 2491 ostendere
2218 2426 2370 2491 deus
2421 2425 2627 2491 uoluit
2669 2426 2789 2491 im-

467 2534 929 2615 sopendensque
960 2529 1284 2596 iudicium.
1320 2530 1410 2595 810
1442 2530 1616 2594 0111111
1642 2530 1948 2612 seriptum
1974 2532 2087 2607 est,
2121 2530 2302 2612 quod,
2335 2548 2479 2595 cum
2510 2548 2792 2615 egressus

537 2635 701 2716 ignis
746 2654 784 2699 a
828 2635 1076 2698 domino
1113 2634 1470 2699 denotasset
1511 2632 1963 2716 holocaustum,
2012 2632 2361 2714 arreptis
2406 2632 2670 2698 Nadab
2717 2634 2793 2699 et

536 2737 739 2802 Abiu
784 2737 957 2802 filii
1002 2737 1266 2802 Aaron
1323 2735 1721 2800 turibulis
1778 2739 2214 2819 posuerunt
2258 2736 2511 2819 ignem
2555 2740 2633 2802 et
2680 2738 2790 2803 in-

537 2859 856 2905 censum
921 2843 1282 2923 desuper,
1349 2838 1783 2905 offerentes
1851 2858 2104 2905 eoram
2162 2840 2469 2906 domino
2535 2842 2790 2926 ignem

536 2943 912 3029 alienum,
946 2946 1144 3025 quod
1175 2943 1285 3008 eis
1315 2948 1820 3027 praeceptum
1852 2962 1998 3009 non
2030 2948 2236 3025 erat,
2271 2962 2792 3027 egressusque

463 3045 749 3127 'signis
827 3066 863 3111 a
936 3048 1245 3113 domino
1330 3048 1752 3113 deuorauit
1836 3066 1992 3130 eos,
2080 3047 2157 3111 et
2241 3049 2531 3113 mortui
2605 3049 2791 3112 sunt

536 3165 789 3214 eoram
836 3149 1094 3215 domin
1113 3168 1168 3216 o.
1226 3151 1370 3232 quid
1421 3150 1587 3216 enim
1633 3151 1806 3216 aliud
1854 3169 2039 3234 quam
2087 3152 2403 3216 extentam
2447 3168 2636 3233 super
2681 3168 2789 3216 nos

533 3255 847 3318 dexteram
877 3271 1056 3319 suam
1085 3257 1148 3317 et
1177 3254 1610 3319 imminentem
1639 3253 1873 3335 iugiter
1894 3254 2177 3339 gladium
2207 3252 2410 3318 uoluit
2442 3254 2788 3334 ostendere,

737 3456 805 3510 21
841 3456 1017 3511 Leuit.
1053 3456 1136 3521 10,
1175 3458 1203 3511 1
1225 3472 1303 3525 sq.

635 3625 669 3677 5
703 3627 787 3679 est
820 3641 921 3680 om,
957 3625 1014 3679 Β
1047 3642 1116 3682 m.
1140 3630 1171 3680 1
1380 3626 1413 3680 9
1458 3629 1741 3681 accusatur
1776 3626 1830 3679 Β
2035 3625 2231 3679 missus
2265 3624 2322 3679 Β
2354 3642 2422 3680 m.
2462 3628 2503 3680 2
2538 3642 2578 3681 s.
2616 3627 2653 3681 l.

534 3709 602 3763 10
645 3726 772 3779 pun
805 3712 860 3765 A
895 3727 935 3766 8.
972 3727 1074 3767 scr.
1110 3728 1179 3767 m.
1217 3727 1323 3767 reo.
1359 3711 1508 3765 nitus
1717 3712 1786 3765 12
1830 3711 1897 3767 ad
1944 3712 2276 3781 cunctorum]
2314 3711 2688 3767 adiuuetorum
2734 3712 2791 3767 Β

532 3796 600 3849 13
645 3797 948 3865 proficiente
992 3814 1060 3853 ex
1105 3799 1473 3867 proficiscente
1509 3814 1544 3851 v
1585 3813 1725 3854 corr.
1773 3798 2164 3864 (Bm-assicamus
2184 3797 2266 3865 ?):
2318 3797 2685 3868 praefmsoente
2733 3801 2788 3854 A

531 3881 953 3949 proficiscentem
1003 3882 1060 3937 Β
1266 3900 1332 3938 110
1377 3883 1499 3953 quis
1542 3885 1598 3938 Β
1807 3885 1871 3938 15
1919 3899 2136 3953 semper.
2183 3883 2301 3954 egit
2347 3885 2552 3940 80111001
2597 3885 2654 3940 Β

531 3967 600 4021 16
635 3968 856 4024 *notioni
890 3969 1127 4023 omnium
1162 3971 1220 4024 A
1445 3970 1508 4024 17
1553 3969 1664 4024 fuit
1700 3995 1781 4025 m
1815 3970 2095 4039 sanguinis
2132 3971 2187 4024 A
2412 3972 2478 4027 18
2513 3974 2701 4043 utique
2736 3999 2789 4028 n*

529 4055 750 4107 tantum
782 4069 977 4109 *mere
1010 4054 1139 4109 deus
1175 4055 1352 4109 11011111
1387 4056 1442 4109 A
1650 4056 1717 4111 19
1752 4055 1881 4110 (10118
1918 4056 2198 4111 ostendere
2231 4056 2411 4112 noluit
2444 4056 2501 4111 Β
2706 4059 2789 4113 in-

530 4136 868 4208 pendensque
890 4140 947 4194 Β
1119 4140 1188 4195 20
1212 4141 1469 4210 seriptum
1495 4144 1579 4196 est
1603 4166 1681 4197 m
1704 4142 2006 4197 loeaustum
2031 4144 2085 4197 A
2256 4144 2321 4199 21
2361 4144 2563 4215 areptis
2598 4146 2653 4200 A

529 4223 600 4277 22
634 4224 816 4279 Aaron
839 4250 921 4279 m
942 4225 1221 4281 offerentes
1257 4227 1312 4281 A
1482 4227 1552 4282 24
1573 4228 1810 4283 alienum
1832 4253 1915 4284 m
1935 4244 2038 4298 que
2061 4230 2208 4300 ignis
2232 4231 2287 4285 A
2458 4231 2527 4286 26
2553 4231 2786 4288 domino.

528 4335 611 4363 m
634 4325 725 4379 per
749 4336 778 4363 a
802 4311 1069 4367 dexteram
1106 4314 1164 4367 A
1367 4312 1433 4367 27
1473 4313 1747 4369 ostendere
1781 4330 1885 4370 om.
1921 4316 1977 4369 Β
2013 4332 2080 4370 m.
2109 4321 2142 4371 1
