<?xml version="1.0" encoding="UTF-8"?>
<!DOCTYPE html PUBLIC "-//W3C//DTD XHTML 1.0 Transitional//EN"
    "http://www.w3.org/TR/xhtml1/DTD/xhtml1-transitional.dtd">
<html xmlns="http://www.w3.org/1999/xhtml" xml:lang="en" lang="en">
 <head>
  <title>
</title>
<meta http-equiv="Content-Type" content="text/html;charset=utf-8" />
  <meta name='ocr-system' content='tesseract 3.04.00' />
  <meta name='ocr-capabilities' content='ocr_page ocr_carea ocr_par ocr_line ocrx_word'/>
</head>
<body>
  <div class='ocr_page' id='page_1' title='image "./operaomnia07paulgoog/operaomnia07paulgoog_0263.png"; bbox 0 0 3380 4919; ppageno 0'>
   <div class='ocr_carea' id='block_1_1' title="bbox 1169 316 2714 386">
    <p class='ocr_par' dir='ltr' id='par_1_1' title="bbox 1169 316 2714 386">
     <span class='ocr_line' id='line_1_1' title="bbox 1169 316 2714 386; baseline 0.005 -16"><span class='ocrx_word' id='word_1_1' title='bbox 1169 316 1246 370; x_wconf 84' lang='lat' dir='ltr'><strong>ad</strong></span> <span class='ocrx_word' id='word_1_2' title='bbox 1283 316 1640 371; x_wconf 85' lang='lat' dir='ltr'><strong>ecclesiam</strong></span> <span class='ocrx_word' id='word_1_3' title='bbox 1693 317 1723 371; x_wconf 94' lang='grc' dir='ltr'>Ι</span> <span class='ocrx_word' id='word_1_4' title='bbox 1770 322 1800 382; x_wconf 69' lang='lat'>5</span> <span class='ocrx_word' id='word_1_5' title='bbox 1839 318 1988 371; x_wconf 87' lang='lat'><strong>1-4.</strong></span> <span class='ocrx_word' id='word_1_6' title='bbox 2586 321 2714 386; x_wconf 78' lang='grc'><strong>225</strong></span> 
     </span>
    </p>
   </div>
   <div class='ocr_carea' id='block_1_2' title="bbox 364 506 2770 3167">
    <p class='ocr_par' dir='ltr' id='par_1_2' title="bbox 364 506 2770 3167">
     <span class='ocr_line' id='line_1_2' title="bbox 448 506 2770 590; baseline 0.001 -19"><span class='ocrx_word' id='word_1_7' title='bbox 448 507 805 572; x_wconf 75' lang='lat' dir='ltr'><strong>extendant.</strong></span> <span class='ocrx_word' id='word_1_8' title='bbox 881 506 1303 590; x_wconf 77' lang='lat' dir='ltr'><strong>circumspicis</strong></span> <span class='ocrx_word' id='word_1_9' title='bbox 1349 506 1617 571; x_wconf 86' lang='lat' dir='ltr'><strong>fortasse</strong></span> <span class='ocrx_word' id='word_1_10' title='bbox 1662 510 1727 571; x_wconf 91' lang='lat' dir='ltr'><strong>et</strong></span> <span class='ocrx_word' id='word_1_11' title='bbox 1772 506 2275 589; x_wconf 81' lang='lat' dir='ltr'><strong>circumspectaS‚</strong></span> <span class='ocrx_word' id='word_1_12' title='bbox 2326 511 2433 590; x_wconf 89' lang='lat' dir='ltr'><strong>qui</strong></span> <span class='ocrx_word' id='word_1_13' title='bbox 2478 509 2586 573; x_wconf 90' lang='lat' dir='ltr'><strong>isti</strong></span> <span class='ocrx_word' id='word_1_14' title='bbox 2632 529 2707 574; x_wconf 84' lang='lat' dir='ltr'><strong>ex</strong></span> <span class='ocrx_word' id='word_1_15' title='bbox 2727 510 2770 574; x_wconf 79' lang='lat'><strong>2</strong></span> 
     </span>
     <span class='ocr_line' id='line_1_3' title="bbox 447 609 2709 695; baseline -0.001 -19"><span class='ocrx_word' id='word_1_16' title='bbox 447 611 577 676; x_wconf 91' lang='lat' dir='ltr'><strong>tuis</strong></span> <span class='ocrx_word' id='word_1_17' title='bbox 623 612 770 687; x_wconf 87' lang='lat' dir='ltr'><strong>sint,</strong></span> <span class='ocrx_word' id='word_1_18' title='bbox 818 630 971 693; x_wconf 92' lang='lat' dir='ltr'><strong>quos</strong></span> <span class='ocrx_word' id='word_1_19' title='bbox 1018 611 1346 695; x_wconf 83' lang='lat' dir='ltr'><strong>appellem.</strong></span> <span class='ocrx_word' id='word_1_20' title='bbox 1411 629 1529 675; x_wconf 90' lang='lat' dir='ltr'><strong>non</strong></span> <span class='ocrx_word' id='word_1_21' title='bbox 1577 611 1769 695; x_wconf 90' lang='lat' dir='ltr'><strong>longa</strong></span> <span class='ocrx_word' id='word_1_22' title='bbox 1813 609 1935 675; x_wconf 93' lang='lat' dir='ltr'><strong>tibi</strong></span> <span class='ocrx_word' id='word_1_23' title='bbox 1979 610 2378 693; x_wconf 82' lang='lat' dir='ltr'><strong>inquisitione</strong></span> <span class='ocrx_word' id='word_1_24' title='bbox 2412 629 2563 693; x_wconf 93' lang='lat' dir='ltr'><strong>opus</strong></span> <span class='ocrx_word' id='word_1_25' title='bbox 2610 614 2709 676; x_wconf 92' lang='lat' dir='ltr'><strong>est</strong></span> 
     </span>
     <span class='ocr_line' id='line_1_4' title="bbox 447 713 2707 795; baseline -0.001 -16"><span class='ocrx_word' id='word_1_26' title='bbox 447 716 524 779; x_wconf 91' lang='lat' dir='ltr'><strong>ad</strong></span> <span class='ocrx_word' id='word_1_27' title='bbox 569 713 1033 779; x_wconf 89' lang='lat' dir='ltr'><strong>inueniendum.</strong></span> <span class='ocrx_word' id='word_1_28' title='bbox 1095 730 1328 791; x_wconf 90' lang='lat' dir='ltr'><strong>omnes,</strong></span> <span class='ocrx_word' id='word_1_29' title='bbox 1375 713 1652 795; x_wconf 90' lang='lat' dir='ltr'><strong>inquam,</strong></span> <span class='ocrx_word' id='word_1_30' title='bbox 1702 730 1915 779; x_wconf 90' lang='lat' dir='ltr'><strong>omnes</strong></span> <span class='ocrx_word' id='word_1_31' title='bbox 1961 731 2154 795; x_wconf 87' lang='lat' dir='ltr'><strong>paene</strong></span> <span class='ocrx_word' id='word_1_32' title='bbox 2197 714 2314 778; x_wconf 89' lang='lat' dir='ltr'><strong>hoc</strong></span> <span class='ocrx_word' id='word_1_33' title='bbox 2350 716 2501 778; x_wconf 89' lang='lat' dir='ltr'><strong>sunt</strong></span> <span class='ocrx_word' id='word_1_34' title='bbox 2546 713 2707 795; x_wconf 90' lang='lat' dir='ltr'><strong>quod</strong></span> 
     </span>
     <span class='ocr_line' id='line_1_5' title="bbox 447 815 2705 901; baseline 0 -21"><span class='ocrx_word' id='word_1_35' title='bbox 447 816 681 898; x_wconf 89' lang='lat' dir='ltr'><strong>loquor.</strong></span> <span class='ocrx_word' id='word_1_36' title='bbox 742 817 922 901; x_wconf 52' lang='lat' dir='ltr'><strong>‚abiit</strong></span> <span class='ocrx_word' id='word_1_37' title='bbox 988 817 1214 900; x_wconf 87' lang='lat' dir='ltr'><strong>quippe</strong></span> <span class='ocrx_word' id='word_1_38' title='bbox 1286 816 1395 881; x_wconf 86' lang='lat' dir='ltr'><strong>illa</strong></span> <span class='ocrx_word' id='word_1_39' title='bbox 1470 815 1726 898; x_wconf 87' lang='lat' dir='ltr'><strong>egregia</strong></span> <span class='ocrx_word' id='word_1_40' title='bbox 1795 834 1868 881; x_wconf 89' lang='lat' dir='ltr'><strong>ac</strong></span> <span class='ocrx_word' id='word_1_41' title='bbox 1931 817 2393 900; x_wconf 89' lang='lat' dir='ltr'><strong>supereminens</strong></span> <span class='ocrx_word' id='word_1_42' title='bbox 2469 816 2705 881; x_wconf 91' lang='lat' dir='ltr'><strong>dudum</strong></span> 
     </span>
     <span class='ocr_line' id='line_1_6' title="bbox 402 918 2704 1003; baseline 0 -21"><span class='ocrx_word' id='word_1_43' title='bbox 402 920 802 1000; x_wconf 73' lang='lat' dir='ltr'><strong>sprimitiuae</strong></span> <span class='ocrx_word' id='word_1_44' title='bbox 862 920 1059 1003; x_wconf 91' lang='lat' dir='ltr'><strong>plebis</strong></span> <span class='ocrx_word' id='word_1_45' title='bbox 1102 921 1249 984; x_wconf 89' lang='lat' dir='ltr'><strong>tuae</strong></span> <span class='ocrx_word' id='word_1_46' title='bbox 1310 918 1649 999; x_wconf 86' lang='lat' dir='ltr'><strong>beatitudo,</strong></span> <span class='ocrx_word' id='word_1_47' title='bbox 1716 939 1839 1002; x_wconf 93' lang='lat' dir='ltr'><strong>qua</strong></span> <span class='ocrx_word' id='word_1_48' title='bbox 1884 936 2095 985; x_wconf 88' lang='lat' dir='ltr'><strong>omnes</strong></span> <span class='ocrx_word' id='word_1_49' title='bbox 2141 918 2466 985; x_wconf 76' lang='lat' dir='ltr'><strong>Christum</strong></span> <span class='ocrx_word' id='word_1_50' title='bbox 2509 937 2704 1002; x_wconf 89' lang='lat' dir='ltr'><strong>agno-</strong></span> 
     </span>
     <span class='ocr_line' id='line_1_7' title="bbox 448 1021 2707 1104; baseline 0 -17"><span class='ocrx_word' id='word_1_51' title='bbox 448 1024 688 1087; x_wconf 75' lang='lat' dir='ltr'><strong>scentes</strong></span> <span class='ocrx_word' id='word_1_52' title='bbox 756 1024 1023 1088; x_wconf 88' lang='lat' dir='ltr'><strong>caducas</strong></span> <span class='ocrx_word' id='word_1_53' title='bbox 1089 1040 1300 1086; x_wconf 91' lang='lat' dir='ltr'><strong>rerum</strong></span> <span class='ocrx_word' id='word_1_54' title='bbox 1345 1022 1766 1087; x_wconf 79' lang='lat' dir='ltr'><strong>mundialium</strong></span> <span class='ocrx_word' id='word_1_55' title='bbox 1810 1021 2141 1088; x_wconf 82' lang='lat' dir='ltr'><strong>facultates</strong></span> <span class='ocrx_word' id='word_1_56' title='bbox 2186 1025 2254 1087; x_wconf 91' lang='lat' dir='ltr'><strong>in</strong></span> <span class='ocrx_word' id='word_1_57' title='bbox 2298 1022 2707 1104; x_wconf 84' lang='lat' dir='ltr'><strong>sempiternas</strong></span> 
     </span>
     <span class='ocr_line' id='line_1_8' title="bbox 449 1125 2708 1208; baseline 0 -17"><span class='ocrx_word' id='word_1_58' title='bbox 449 1125 809 1191; x_wconf 87' lang='lat' dir='ltr'><strong>caelestium</strong></span> <span class='ocrx_word' id='word_1_59' title='bbox 868 1127 1329 1208; x_wconf 91' lang='lat' dir='ltr'><strong>possessionum</strong></span> <span class='ocrx_word' id='word_1_60' title='bbox 1385 1142 1531 1208; x_wconf 91' lang='lat' dir='ltr'><strong>opes</strong></span> <span class='ocrx_word' id='word_1_61' title='bbox 1589 1126 2025 1204; x_wconf 84' lang='lat' dir='ltr'><strong>conferebant,</strong></span> <span class='ocrx_word' id='word_1_62' title='bbox 2088 1126 2430 1193; x_wconf 87' lang='lat' dir='ltr'><strong>multantes</strong></span> <span class='ocrx_word' id='word_1_63' title='bbox 2475 1145 2542 1191; x_wconf 90' lang='lat' dir='ltr'><strong>se</strong></span> <span class='ocrx_word' id='word_1_64' title='bbox 2588 1144 2708 1191; x_wconf 91' lang='lat' dir='ltr'><strong>usu</strong></span> 
     </span>
     <span class='ocr_line' id='line_1_9' title="bbox 446 1229 2705 1312; baseline 0 -19"><span class='ocrx_word' id='word_1_65' title='bbox 446 1230 871 1311; x_wconf 89' lang='lat' dir='ltr'><strong>praesentium</strong></span> <span class='ocrx_word' id='word_1_66' title='bbox 901 1230 970 1294; x_wconf 95' lang='lat' dir='ltr'><strong>in</strong></span> <span class='ocrx_word' id='word_1_67' title='bbox 1002 1231 1386 1312; x_wconf 87' lang='lat' dir='ltr'><strong>praeclaram</strong></span> <span class='ocrx_word' id='word_1_68' title='bbox 1413 1248 1586 1312; x_wconf 89' lang='lat' dir='ltr'><strong>spem</strong></span> <span class='ocrx_word' id='word_1_69' title='bbox 1620 1229 1993 1309; x_wconf 86' lang='lat' dir='ltr'><strong>futurorum,</strong></span> <span class='ocrx_word' id='word_1_70' title='bbox 2037 1231 2404 1297; x_wconf 91' lang='lat' dir='ltr'><strong>inmortales</strong></span> <span class='ocrx_word' id='word_1_71' title='bbox 2447 1229 2705 1296; x_wconf 82' lang='lat' dir='ltr'><strong>diuitias</strong></span> 
     </span>
     <span class='ocr_line' id='line_1_10' title="bbox 446 1331 2765 1417; baseline 0 -20"><span class='ocrx_word' id='word_1_72' title='bbox 446 1333 754 1414; x_wconf 88' lang='lat' dir='ltr'><strong>praesenti</strong></span> <span class='ocrx_word' id='word_1_73' title='bbox 797 1333 1185 1417; x_wconf 86' lang='lat' dir='ltr'><strong>paupertatis</strong></span> <span class='ocrx_word' id='word_1_74' title='bbox 1232 1331 1480 1397; x_wconf 90' lang='lat' dir='ltr'><strong>ambitu</strong></span> <span class='ocrx_word' id='word_1_75' title='bbox 1510 1336 1807 1398; x_wconf 89' lang='lat' dir='ltr'><strong>ementes.</strong></span> <span class='ocrx_word' id='word_1_76' title='bbox 1855 1334 2052 1415; x_wconf 75' lang='lat' dir='ltr'><strong>quid?</strong></span> <span class='ocrx_word' id='word_1_77' title='bbox 2083 1334 2245 1416; x_wconf 91' lang='lat' dir='ltr'><strong>quod</strong></span> <span class='ocrx_word' id='word_1_78' title='bbox 2274 1352 2438 1414; x_wconf 84' lang='lat' dir='ltr'><strong>nunc</strong></span> <span class='ocrx_word' id='word_1_79' title='bbox 2469 1353 2579 1416; x_wconf 91' lang='lat' dir='ltr'><strong>pro</strong></span> <span class='ocrx_word' id='word_1_80' title='bbox 2609 1334 2704 1399; x_wconf 88' lang='lat' dir='ltr'><strong>his</strong></span> <span class='ocrx_word' id='word_1_81' title='bbox 2724 1333 2765 1397; x_wconf 90' lang='lat'><strong>3</strong></span> 
     </span>
     <span class='ocr_line' id='line_1_11' title="bbox 376 1435 2702 1520; baseline 0.001 -22"><span class='ocrx_word' id='word_1_82' title='bbox 376 1458 427 1499; x_wconf 77' lang='grc' dir='ltr'><strong>ιο</strong></span> <span class='ocrx_word' id='word_1_83' title='bbox 448 1436 734 1501; x_wconf 89' lang='lat' dir='ltr'><strong>omnibus</strong></span> <span class='ocrx_word' id='word_1_84' title='bbox 779 1437 1046 1502; x_wconf 86' lang='lat' dir='ltr'><strong>auaritia</strong></span> <span class='ocrx_word' id='word_1_85' title='bbox 1089 1435 1400 1517; x_wconf 87' lang='lat' dir='ltr'><strong>cupiditas</strong></span> <span class='ocrx_word' id='word_1_86' title='bbox 1445 1436 1665 1518; x_wconf 88' lang='lat' dir='ltr'><strong>rapina</strong></span> <span class='ocrx_word' id='word_1_87' title='bbox 1710 1454 1986 1520; x_wconf 90' lang='lat' dir='ltr'><strong>quaeque</strong></span> <span class='ocrx_word' id='word_1_88' title='bbox 2028 1438 2118 1502; x_wconf 90' lang='lat' dir='ltr'><strong>eis</strong></span> <span class='ocrx_word' id='word_1_89' title='bbox 2163 1438 2363 1503; x_wconf 87' lang='lat' dir='ltr'><strong>sociae</strong></span> <span class='ocrx_word' id='word_1_90' title='bbox 2413 1439 2479 1502; x_wconf 92' lang='lat' dir='ltr'><strong>et</strong></span> <span class='ocrx_word' id='word_1_91' title='bbox 2522 1435 2702 1519; x_wconf 87' lang='lat' dir='ltr'><strong>quasi</strong></span> 
     </span>
     <span class='ocr_line' id='line_1_12' title="bbox 444 1538 2701 1622; baseline -0 -20"><span class='ocrx_word' id='word_1_92' title='bbox 444 1557 743 1622; x_wconf 88' lang='lat' dir='ltr'><strong>germana</strong></span> <span class='ocrx_word' id='word_1_93' title='bbox 761 1538 1004 1604; x_wconf 89' lang='lat' dir='ltr'><strong>unitate</strong></span> <span class='ocrx_word' id='word_1_94' title='bbox 1020 1538 1389 1603; x_wconf 87' lang='lat' dir='ltr'><strong>coniunctae</strong></span> <span class='ocrx_word' id='word_1_95' title='bbox 1401 1540 1567 1615; x_wconf 89' lang='lat' dir='ltr'><strong>sunt,</strong></span> <span class='ocrx_word' id='word_1_96' title='bbox 1592 1539 1866 1603; x_wconf 90' lang='lat' dir='ltr'><strong>inuidiae</strong></span> <span class='ocrx_word' id='word_1_97' title='bbox 1890 1539 2263 1604; x_wconf 88' lang='lat' dir='ltr'><strong>inimicitiae</strong></span> <span class='ocrx_word' id='word_1_98' title='bbox 2279 1539 2701 1613; x_wconf 87' lang='lat' dir='ltr'><strong>crudelitates,</strong></span> 
     </span>
     <span class='ocr_line' id='line_1_13' title="bbox 443 1641 2702 1726; baseline -0.001 -18"><span class='ocrx_word' id='word_1_99' title='bbox 443 1644 723 1708; x_wconf 85' lang='lat' dir='ltr'><strong>luxuriae</strong></span> <span class='ocrx_word' id='word_1_100' title='bbox 780 1641 1190 1726; x_wconf 87' lang='lat' dir='ltr'><strong>inpudicitiae</strong></span> <span class='ocrx_word' id='word_1_101' title='bbox 1248 1642 1630 1724; x_wconf 86' lang='lat' dir='ltr'><strong>perditiones</strong></span> <span class='ocrx_word' id='word_1_102' title='bbox 1649 1690 1663 1715; x_wconf 92' lang='lat'><strong><em>‚</em></strong></span> <span class='ocrx_word' id='word_1_103' title='bbox 1732 1644 1876 1723; x_wconf 92' lang='lat' dir='ltr'><strong>quia</strong></span> <span class='ocrx_word' id='word_1_104' title='bbox 1920 1643 2239 1725; x_wconf 89' lang='lat' dir='ltr'><strong>superiora</strong></span> <span class='ocrx_word' id='word_1_105' title='bbox 2281 1643 2394 1708; x_wconf 90' lang='lat' dir='ltr'><strong>illa</strong></span> <span class='ocrx_word' id='word_1_106' title='bbox 2437 1641 2702 1707; x_wconf 88' lang='lat' dir='ltr'><strong>istorum</strong></span> 
     </span>
     <span class='ocr_line' id='line_1_14' title="bbox 443 1744 2702 1831; baseline 0 -21"><span class='ocrx_word' id='word_1_107' title='bbox 443 1746 657 1810; x_wconf 90' lang='lat' dir='ltr'><strong>usibus</strong></span> <span class='ocrx_word' id='word_1_108' title='bbox 703 1744 1003 1824; x_wconf 89' lang='lat' dir='ltr'><strong>militant,</strong></span> <span class='ocrx_word' id='word_1_109' title='bbox 1049 1747 1498 1810; x_wconf 88' lang='lat' dir='ltr'><strong>successerunt.</strong></span> <span class='ocrx_word' id='word_1_110' title='bbox 1563 1763 1635 1810; x_wconf 86' lang='lat' dir='ltr'><strong>ac</strong></span> <span class='ocrx_word' id='word_1_111' title='bbox 1678 1745 1766 1809; x_wconf 90' lang='lat' dir='ltr'><strong>sic</strong></span> <span class='ocrx_word' id='word_1_112' title='bbox 1802 1745 2008 1831; x_wconf 82' lang='lat' dir='ltr'><strong>nescio</strong></span> <span class='ocrx_word' id='word_1_113' title='bbox 2039 1748 2340 1828; x_wconf 88' lang='lat' dir='ltr'><strong>quomodo</strong></span> <span class='ocrx_word' id='word_1_114' title='bbox 2385 1748 2702 1830; x_wconf 87' lang='lat' dir='ltr'><strong>pugnante</strong></span> 
     </span>
     <span class='ocr_line' id='line_1_15' title="bbox 443 1847 2702 1931; baseline 0 -19"><span class='ocrx_word' id='word_1_115' title='bbox 443 1853 657 1914; x_wconf 88' lang='lat' dir='ltr'><strong>contra</strong></span> <span class='ocrx_word' id='word_1_116' title='bbox 709 1848 907 1912; x_wconf 93' lang='lat' dir='ltr'><strong>temet</strong></span> <span class='ocrx_word' id='word_1_117' title='bbox 962 1849 1165 1931; x_wconf 89' lang='lat' dir='ltr'><strong>ipsam</strong></span> <span class='ocrx_word' id='word_1_118' title='bbox 1227 1852 1336 1914; x_wconf 90' lang='lat' dir='ltr'><strong>tua</strong></span> <span class='ocrx_word' id='word_1_119' title='bbox 1394 1847 1718 1929; x_wconf 86' lang='lat' dir='ltr'><strong>felicitate,</strong></span> <span class='ocrx_word' id='word_1_120' title='bbox 1779 1852 2083 1931; x_wconf 88' lang='lat' dir='ltr'><strong>quantum</strong></span> <span class='ocrx_word' id='word_1_121' title='bbox 2141 1849 2259 1915; x_wconf 90' lang='lat' dir='ltr'><strong>tibi</strong></span> <span class='ocrx_word' id='word_1_122' title='bbox 2305 1851 2563 1913; x_wconf 88' lang='lat' dir='ltr'><strong>auctum</strong></span> <span class='ocrx_word' id='word_1_123' title='bbox 2607 1851 2702 1914; x_wconf 86' lang='lat' dir='ltr'><strong>est</strong></span> 
     </span>
     <span class='ocr_line' id='line_1_16' title="bbox 372 1949 2699 2034; baseline -0 -17"><span class='ocrx_word' id='word_1_124' title='bbox 372 1978 423 2018; x_wconf 67' lang='grc' dir='ltr'><strong>ιε</strong></span> <span class='ocrx_word' id='word_1_125' title='bbox 439 1950 828 2033; x_wconf 88' lang='lat' dir='ltr'><strong>populorum,</strong></span> <span class='ocrx_word' id='word_1_126' title='bbox 888 1957 1141 2014; x_wconf 86' lang='lat' dir='ltr'><strong>tantum</strong></span> <span class='ocrx_word' id='word_1_127' title='bbox 1195 1969 1389 2032; x_wconf 86' lang='lat' dir='ltr'><strong>paene</strong></span> <span class='ocrx_word' id='word_1_128' title='bbox 1446 1949 1764 2026; x_wconf 88' lang='lat' dir='ltr'><strong>uitiorum,</strong></span> <span class='ocrx_word' id='word_1_129' title='bbox 1825 1952 2126 2034; x_wconf 89' lang='lat' dir='ltr'><strong>quantum</strong></span> <span class='ocrx_word' id='word_1_130' title='bbox 2185 1950 2304 2018; x_wconf 93' lang='lat' dir='ltr'><strong>tibi</strong></span> <span class='ocrx_word' id='word_1_131' title='bbox 2361 1952 2537 2033; x_wconf 87' lang='lat' dir='ltr'><strong>copia</strong></span> <span class='ocrx_word' id='word_1_132' title='bbox 2596 1969 2699 2016; x_wconf 89' lang='lat' dir='ltr'><strong>ac-</strong></span> 
     </span>
     <span class='ocr_line' id='line_1_17' title="bbox 442 2052 2699 2137; baseline 0.001 -20"><span class='ocrx_word' id='word_1_133' title='bbox 442 2055 644 2125; x_wconf 85' lang='lat' dir='ltr'><strong>cessit,</strong></span> <span class='ocrx_word' id='word_1_134' title='bbox 704 2059 957 2118; x_wconf 91' lang='lat' dir='ltr'><strong>tantum</strong></span> <span class='ocrx_word' id='word_1_135' title='bbox 1015 2053 1345 2135; x_wconf 90' lang='lat' dir='ltr'><strong>disciplina</strong></span> <span class='ocrx_word' id='word_1_136' title='bbox 1401 2052 1673 2129; x_wconf 82' lang='lat' dir='ltr'><strong>recessit,</strong></span> <span class='ocrx_word' id='word_1_137' title='bbox 1738 2058 1802 2118; x_wconf 92' lang='lat' dir='ltr'><strong>et</strong></span> <span class='ocrx_word' id='word_1_138' title='bbox 1857 2055 2233 2135; x_wconf 87' lang='lat' dir='ltr'><strong>prosperitas</strong></span> <span class='ocrx_word' id='word_1_139' title='bbox 2293 2055 2469 2119; x_wconf 90' lang='lat' dir='ltr'><strong>uenit</strong></span> <span class='ocrx_word' id='word_1_140' title='bbox 2511 2073 2699 2137; x_wconf 90' lang='lat' dir='ltr'><strong>quae-</strong></span> 
     </span>
     <span class='ocr_line' id='line_1_18' title="bbox 440 2154 2760 2240; baseline 0 -19"><span class='ocrx_word' id='word_1_141' title='bbox 440 2161 653 2221; x_wconf 90' lang='lat' dir='ltr'><strong>stuum</strong></span> <span class='ocrx_word' id='word_1_142' title='bbox 698 2175 842 2222; x_wconf 92' lang='lat' dir='ltr'><strong>cum</strong></span> <span class='ocrx_word' id='word_1_143' title='bbox 873 2174 1100 2240; x_wconf 89' lang='lat' dir='ltr'><strong>magno</strong></span> <span class='ocrx_word' id='word_1_144' title='bbox 1131 2154 1381 2220; x_wconf 88' lang='lat' dir='ltr'><strong>faenore</strong></span> <span class='ocrx_word' id='word_1_145' title='bbox 1430 2156 1971 2220; x_wconf 88' lang='lat' dir='ltr'><strong>detrimentorum.</strong></span> <span class='ocrx_word' id='word_1_146' title='bbox 2043 2156 2481 2239; x_wconf 90' lang='lat' dir='ltr'><strong>multiplicatis</strong></span> <span class='ocrx_word' id='word_1_147' title='bbox 2526 2158 2696 2224; x_wconf 91' lang='lat' dir='ltr'><strong>enim</strong></span> <span class='ocrx_word' id='word_1_148' title='bbox 2716 2157 2760 2221; x_wconf 91' lang='lat'>4</span> 
     </span>
     <span class='ocr_line' id='line_1_19' title="bbox 438 2258 2699 2342; baseline 0 -17"><span class='ocrx_word' id='word_1_149' title='bbox 438 2259 581 2325; x_wconf 87' lang='lat' dir='ltr'><strong>fidei</strong></span> <span class='ocrx_word' id='word_1_150' title='bbox 625 2259 872 2342; x_wconf 87' lang='lat' dir='ltr'><strong>populis</strong></span> <span class='ocrx_word' id='word_1_151' title='bbox 901 2259 1057 2324; x_wconf 89' lang='lat' dir='ltr'><strong>fides</strong></span> <span class='ocrx_word' id='word_1_152' title='bbox 1101 2258 1436 2323; x_wconf 88' lang='lat' dir='ltr'><strong>imminuta</strong></span> <span class='ocrx_word' id='word_1_153' title='bbox 1466 2261 1563 2322; x_wconf 91' lang='lat' dir='ltr'><strong>est</strong></span> <span class='ocrx_word' id='word_1_154' title='bbox 1596 2261 1659 2323; x_wconf 91' lang='lat' dir='ltr'><strong>et</strong></span> <span class='ocrx_word' id='word_1_155' title='bbox 1704 2259 2123 2324; x_wconf 86' lang='lat' dir='ltr'><strong>crescentibus</strong></span> <span class='ocrx_word' id='word_1_156' title='bbox 2155 2259 2303 2324; x_wconf 89' lang='lat' dir='ltr'><strong>filiis</strong></span> <span class='ocrx_word' id='word_1_157' title='bbox 2335 2261 2463 2324; x_wconf 91' lang='lat' dir='ltr'><strong>suis</strong></span> <span class='ocrx_word' id='word_1_158' title='bbox 2494 2264 2699 2326; x_wconf 87' lang='lat' dir='ltr'><strong>mater</strong></span> 
     </span>
     <span class='ocr_line' id='line_1_20' title="bbox 436 2361 2693 2447; baseline 0 -18"><span class='ocrx_word' id='word_1_159' title='bbox 436 2366 739 2447; x_wconf 85' lang='lat' dir='ltr'><strong>aegrotat,</strong></span> <span class='ocrx_word' id='word_1_160' title='bbox 803 2362 1090 2445; x_wconf 84' lang='lat' dir='ltr'><strong>factaque</strong></span> <span class='ocrx_word' id='word_1_161' title='bbox 1137 2381 1226 2445; x_wconf 89' lang='lat' dir='ltr'><strong>es,</strong></span> <span class='ocrx_word' id='word_1_162' title='bbox 1287 2361 1561 2440; x_wconf 87' lang='lat' dir='ltr'><strong>ecclesia,</strong></span> <span class='ocrx_word' id='word_1_163' title='bbox 1622 2362 1907 2443; x_wconf 83' lang='lat' dir='ltr'><strong>profectu</strong></span> <span class='ocrx_word' id='word_1_164' title='bbox 1951 2364 2097 2429; x_wconf 89' lang='lat' dir='ltr'><strong>tuae</strong></span> <span class='ocrx_word' id='word_1_165' title='bbox 2140 2363 2551 2429; x_wconf 86' lang='lat' dir='ltr'><strong>fecunditatis</strong></span> <span class='ocrx_word' id='word_1_166' title='bbox 2597 2365 2693 2430; x_wconf 92' lang='lat' dir='ltr'><strong>in-</strong></span> 
     </span>
     <span class='ocr_line' id='line_1_21' title="bbox 367 2464 2691 2548; baseline -0.001 -13"><span class='ocrx_word' id='word_1_167' title='bbox 367 2467 675 2535; x_wconf 73' lang='lat' dir='ltr'><strong>sofirmior</strong></span> <span class='ocrx_word' id='word_1_168' title='bbox 732 2469 920 2548; x_wconf 88' lang='lat' dir='ltr'><strong>atque</strong></span> <span class='ocrx_word' id='word_1_169' title='bbox 965 2484 1215 2531; x_wconf 88' lang='lat' dir='ltr'><strong>accessu</strong></span> <span class='ocrx_word' id='word_1_170' title='bbox 1258 2464 1546 2531; x_wconf 91' lang='lat' dir='ltr'><strong>relabens</strong></span> <span class='ocrx_word' id='word_1_171' title='bbox 1594 2473 1656 2530; x_wconf 86' lang='lat' dir='ltr'><strong>et</strong></span> <span class='ocrx_word' id='word_1_172' title='bbox 1702 2468 1874 2548; x_wconf 88' lang='lat' dir='ltr'><strong>quasi</strong></span> <span class='ocrx_word' id='word_1_173' title='bbox 1920 2465 2162 2532; x_wconf 90' lang='lat' dir='ltr'><strong>uiribus</strong></span> <span class='ocrx_word' id='word_1_174' title='bbox 2207 2468 2413 2532; x_wconf 91' lang='lat' dir='ltr'><strong>minus</strong></span> <span class='ocrx_word' id='word_1_175' title='bbox 2459 2468 2691 2533; x_wconf 87' lang='lat' dir='ltr'><strong>ualida.</strong></span> 
     </span>
     <span class='ocr_line' id='line_1_22' title="bbox 437 2568 2693 2650; baseline 0 -15"><span class='ocrx_word' id='word_1_176' title='bbox 437 2569 741 2635; x_wconf 90' lang='lat' dir='ltr'><strong>diffudisti</strong></span> <span class='ocrx_word' id='word_1_177' title='bbox 816 2569 1126 2650; x_wconf 89' lang='lat' dir='ltr'><strong>siquidem</strong></span> <span class='ocrx_word' id='word_1_178' title='bbox 1194 2588 1304 2650; x_wconf 89' lang='lat' dir='ltr'><strong>per</strong></span> <span class='ocrx_word' id='word_1_179' title='bbox 1373 2586 1617 2633; x_wconf 81' lang='lat' dir='ltr'><strong>ornnem</strong></span> <span class='ocrx_word' id='word_1_180' title='bbox 1694 2568 2001 2634; x_wconf 89' lang='lat' dir='ltr'><strong>mundum</strong></span> <span class='ocrx_word' id='word_1_181' title='bbox 2066 2569 2349 2650; x_wconf 87' lang='lat' dir='ltr'><strong>religiosi</strong></span> <span class='ocrx_word' id='word_1_182' title='bbox 2424 2573 2693 2636; x_wconf 89' lang='lat' dir='ltr'><strong>nominis</strong></span> 
     </span>
     <span class='ocr_line' id='line_1_23' title="bbox 437 2671 2694 2755; baseline 0.002 -21"><span class='ocrx_word' id='word_1_183' title='bbox 437 2674 718 2737; x_wconf 90' lang='lat' dir='ltr'><strong>membra</strong></span> <span class='ocrx_word' id='word_1_184' title='bbox 760 2673 1076 2754; x_wconf 88' lang='lat' dir='ltr'><strong>religionis</strong></span> <span class='ocrx_word' id='word_1_185' title='bbox 1122 2672 1255 2736; x_wconf 92' lang='lat' dir='ltr'><strong>uim</strong></span> <span class='ocrx_word' id='word_1_186' title='bbox 1286 2690 1424 2736; x_wconf 84' lang='lat' dir='ltr'><strong>non</strong></span> <span class='ocrx_word' id='word_1_187' title='bbox 1471 2671 1771 2736; x_wconf 85' lang='lat' dir='ltr'><strong>habentia</strong></span> <span class='ocrx_word' id='word_1_188' title='bbox 1814 2691 1885 2736; x_wconf 90' lang='lat' dir='ltr'><strong>ac</strong></span> <span class='ocrx_word' id='word_1_189' title='bbox 1938 2671 2028 2736; x_wconf 89' lang='lat' dir='ltr'><strong>sic</strong></span> <span class='ocrx_word' id='word_1_190' title='bbox 2071 2691 2202 2736; x_wconf 92' lang='lat' dir='ltr'><strong>esse</strong></span> <span class='ocrx_word' id='word_1_191' title='bbox 2249 2672 2509 2755; x_wconf 90' lang='lat' dir='ltr'><strong>coepisti</strong></span> <span class='ocrx_word' id='word_1_192' title='bbox 2553 2677 2694 2738; x_wconf 87' lang='lat' dir='ltr'><strong>tur-</strong></span> 
     </span>
     <span class='ocr_line' id='line_1_24' title="bbox 436 2774 2694 2859; baseline 0.001 -21"><span class='ocrx_word' id='word_1_193' title='bbox 436 2775 530 2840; x_wconf 89' lang='lat' dir='ltr'><strong>bis</strong></span> <span class='ocrx_word' id='word_1_194' title='bbox 575 2775 828 2857; x_wconf 88' lang='lat' dir='ltr'><strong>opulens</strong></span> <span class='ocrx_word' id='word_1_195' title='bbox 873 2774 994 2840; x_wconf 92' lang='lat' dir='ltr'><strong>fide</strong></span> <span class='ocrx_word' id='word_1_196' title='bbox 1037 2792 1289 2856; x_wconf 87' lang='lat' dir='ltr'><strong>pauper,</strong></span> <span class='ocrx_word' id='word_1_197' title='bbox 1337 2778 1568 2855; x_wconf 89' lang='lat' dir='ltr'><strong>quanto</strong></span> <span class='ocrx_word' id='word_1_198' title='bbox 1611 2774 1801 2838; x_wconf 88' lang='lat' dir='ltr'><strong>ditior</strong></span> <span class='ocrx_word' id='word_1_199' title='bbox 1842 2774 2252 2841; x_wconf 90' lang='lat' dir='ltr'><strong>multitudine</strong></span> <span class='ocrx_word' id='word_1_200' title='bbox 2293 2779 2471 2841; x_wconf 87' lang='lat' dir='ltr'><strong>tanto</strong></span> <span class='ocrx_word' id='word_1_201' title='bbox 2504 2796 2694 2859; x_wconf 89' lang='lat' dir='ltr'><strong>egen-</strong></span> 
     </span>
     <span class='ocr_line' id='line_1_25' title="bbox 435 2877 2696 2964; baseline 0.002 -24"><span class='ocrx_word' id='word_1_202' title='bbox 435 2879 557 2943; x_wconf 90' lang='lat' dir='ltr'><strong>tior</strong></span> <span class='ocrx_word' id='word_1_203' title='bbox 603 2879 946 2959; x_wconf 91' lang='lat' dir='ltr'><strong>deuotione,</strong></span> <span class='ocrx_word' id='word_1_204' title='bbox 1007 2877 1195 2941; x_wconf 89' lang='lat' dir='ltr'><strong>latior</strong></span> <span class='ocrx_word' id='word_1_205' title='bbox 1250 2895 1503 2958; x_wconf 90' lang='lat' dir='ltr'><strong>corpore</strong></span> <span class='ocrx_word' id='word_1_206' title='bbox 1561 2877 1885 2959; x_wconf 86' lang='lat' dir='ltr'><strong>angustior</strong></span> <span class='ocrx_word' id='word_1_207' title='bbox 1928 2879 2161 2953; x_wconf 91' lang='lat' dir='ltr'><strong>mente,</strong></span> <span class='ocrx_word' id='word_1_208' title='bbox 2219 2879 2573 2964; x_wconf 91' lang='lat' dir='ltr'><strong>eademque,</strong></span> <span class='ocrx_word' id='word_1_209' title='bbox 2621 2881 2696 2943; x_wconf 92' lang='lat' dir='ltr'><strong>ut</strong></span> 
     </span>
     <span class='ocr_line' id='line_1_26' title="bbox 364 2980 2696 3065; baseline -0.002 -15"><span class='ocrx_word' id='word_1_210' title='bbox 364 3010 416 3050; x_wconf 74' lang='lat'><strong>25</strong></span> <span class='ocrx_word' id='word_1_211' title='bbox 433 2981 526 3045; x_wconf 86' lang='lat' dir='ltr'><strong>ita</strong></span> <span class='ocrx_word' id='word_1_212' title='bbox 584 2980 865 3060; x_wconf 83' lang='lat' dir='ltr'><strong>dixerim,</strong></span> <span class='ocrx_word' id='word_1_213' title='bbox 931 2982 995 3045; x_wconf 92' lang='lat' dir='ltr'><strong>et</strong></span> <span class='ocrx_word' id='word_1_214' title='bbox 1054 2982 1121 3044; x_wconf 93' lang='lat' dir='ltr'><strong>in</strong></span> <span class='ocrx_word' id='word_1_215' title='bbox 1183 2985 1245 3043; x_wconf 87' lang='lat' dir='ltr'><strong>te</strong></span> <span class='ocrx_word' id='word_1_216' title='bbox 1305 2980 1505 3045; x_wconf 90' lang='lat' dir='ltr'><strong>maior</strong></span> <span class='ocrx_word' id='word_1_217' title='bbox 1551 2984 1612 3043; x_wconf 91' lang='lat' dir='ltr'><strong>et</strong></span> <span class='ocrx_word' id='word_1_218' title='bbox 1657 2981 1724 3043; x_wconf 90' lang='lat' dir='ltr'><strong>in</strong></span> <span class='ocrx_word' id='word_1_219' title='bbox 1784 2984 1846 3044; x_wconf 91' lang='lat' dir='ltr'><strong>te</strong></span> <span class='ocrx_word' id='word_1_220' title='bbox 1891 2980 2112 3058; x_wconf 91' lang='lat' dir='ltr'><strong>minor,</strong></span> <span class='ocrx_word' id='word_1_221' title='bbox 2174 2999 2333 3046; x_wconf 92' lang='lat' dir='ltr'><strong>nouo</strong></span> <span class='ocrx_word' id='word_1_222' title='bbox 2393 3001 2586 3065; x_wconf 90' lang='lat' dir='ltr'><strong>paene</strong></span> <span class='ocrx_word' id='word_1_223' title='bbox 2630 2986 2696 3048; x_wconf 91' lang='lat' dir='ltr'><strong>et</strong></span> 
     </span>
     <span class='ocr_line' id='line_1_27' title="bbox 434 3082 2690 3167; baseline 0.001 -20"><span class='ocrx_word' id='word_1_224' title='bbox 434 3082 711 3149; x_wconf 86' lang='lat' dir='ltr'><strong>inaudito</strong></span> <span class='ocrx_word' id='word_1_225' title='bbox 778 3102 1003 3167; x_wconf 85' lang='lat' dir='ltr'><strong>genere</strong></span> <span class='ocrx_word' id='word_1_226' title='bbox 1069 3102 1390 3166; x_wconf 88' lang='lat' dir='ltr'><strong>processus</strong></span> <span class='ocrx_word' id='word_1_227' title='bbox 1450 3088 1513 3148; x_wconf 94' lang='lat' dir='ltr'><strong>et</strong></span> <span class='ocrx_word' id='word_1_228' title='bbox 1568 3101 1844 3148; x_wconf 90' lang='lat' dir='ltr'><strong>recessus</strong></span> <span class='ocrx_word' id='word_1_229' title='bbox 1902 3102 2181 3150; x_wconf 87' lang='lat' dir='ltr'><strong>crescens</strong></span> <span class='ocrx_word' id='word_1_230' title='bbox 2239 3087 2430 3150; x_wconf 90' lang='lat' dir='ltr'><strong>simul</strong></span> <span class='ocrx_word' id='word_1_231' title='bbox 2476 3091 2538 3150; x_wconf 93' lang='lat' dir='ltr'><strong>et</strong></span> <span class='ocrx_word' id='word_1_232' title='bbox 2583 3088 2690 3151; x_wconf 91' lang='lat' dir='ltr'><strong>de-</strong></span> 
     </span>
    </p>
   </div>
   <div class='ocr_carea' id='block_1_3' title="bbox 422 3305 2692 4322">
    <p class='ocr_par' dir='ltr' id='par_1_3' title="bbox 422 3305 2692 4322">
     <span class='ocr_line' id='line_1_28' title="bbox 539 3305 2692 3377; baseline 0.001 -19"><span class='ocrx_word' id='word_1_233' title='bbox 539 3306 567 3358; x_wconf 83' lang='lat'>7</span> <span class='ocrx_word' id='word_1_234' title='bbox 598 3307 898 3357; x_wconf 61' lang='lat' dir='ltr'><strong>unu-rantes</strong></span> <span class='ocrx_word' id='word_1_235' title='bbox 923 3320 1014 3358; x_wconf 88' lang='lat' dir='ltr'><strong>seu</strong></span> <span class='ocrx_word' id='word_1_236' title='bbox 1039 3305 1461 3372; x_wconf 84' lang='lat' dir='ltr'><strong>supraesentium</strong></span> <span class='ocrx_word' id='word_1_237' title='bbox 1485 3306 1540 3357; x_wconf 99' lang='lat' dir='ltr'><strong><em>A</em></strong></span> <span class='ocrx_word' id='word_1_238' title='bbox 1569 3308 1755 3370; x_wconf 81' lang='lat' dir='ltr'><strong>(erasa</strong></span> <span class='ocrx_word' id='word_1_239' title='bbox 1778 3306 1798 3359; x_wconf 98' lang='lat' dir='ltr'><strong>l</strong></span> <span class='ocrx_word' id='word_1_240' title='bbox 1823 3307 1904 3361; x_wconf 74' lang='lat' dir='ltr'><strong>lit.</strong></span> <span class='ocrx_word' id='word_1_241' title='bbox 1930 3305 2025 3360; x_wconf 82' lang='lat' dir='ltr'><strong>sed</strong></span> <span class='ocrx_word' id='word_1_242' title='bbox 2047 3309 2133 3360; x_wconf 77' lang='lat' dir='ltr'><strong>ita</strong></span> <span class='ocrx_word' id='word_1_243' title='bbox 2154 3312 2220 3361; x_wconf 76' lang='lat' dir='ltr'><strong>ut</strong></span> <span class='ocrx_word' id='word_1_244' title='bbox 2243 3306 2424 3361; x_wconf 66' lang='lat' dir='ltr'><strong>adhuc</strong></span> <span class='ocrx_word' id='word_1_245' title='bbox 2447 3307 2692 3377; x_wconf 70' lang='lat' dir='ltr'><strong>coquosci</strong></span> 
     </span>
     <span class='ocr_line' id='line_1_29' title="bbox 431 3391 2691 3459; baseline 0.001 -14"><span class='ocrx_word' id='word_1_246' title='bbox 431 3392 615 3459; x_wconf 79' lang='lat' dir='ltr'><strong>possit)</strong></span> <span class='ocrx_word' id='word_1_247' title='bbox 653 3392 944 3443; x_wconf 84' lang='lat' dir='ltr'><strong>multantes</strong></span> <span class='ocrx_word' id='word_1_248' title='bbox 982 3393 1199 3457; x_wconf 75' lang='lat' dir='ltr'><strong>(pmwt.</strong></span> <span class='ocrx_word' id='word_1_249' title='bbox 1239 3391 1258 3444; x_wconf 96' lang='lat' dir='ltr'><strong>l</strong></span> <span class='ocrx_word' id='word_1_250' title='bbox 1295 3391 1399 3455; x_wconf 68' lang='lat' dir='ltr'><strong>lit.)</strong></span> <span class='ocrx_word' id='word_1_251' title='bbox 1435 3399 1593 3446; x_wconf 79' lang='lat' dir='ltr'><strong>sensu</strong></span> <span class='ocrx_word' id='word_1_252' title='bbox 1629 3392 1959 3459; x_wconf 74' lang='lat' dir='ltr'><strong>(partimin</strong></span> <span class='ocrx_word' id='word_1_253' title='bbox 1982 3398 2116 3458; x_wconf 84' lang='lat' dir='ltr'><strong>ras.)</strong></span> <span class='ocrx_word' id='word_1_254' title='bbox 2155 3393 2210 3445; x_wconf 99' lang='grc' dir='ltr'><strong><em>Β</em></strong></span> <span class='ocrx_word' id='word_1_255' title='bbox 2246 3394 2538 3458; x_wconf 87' lang='lat' dir='ltr'><strong>(mutantes</strong></span> <span class='ocrx_word' id='word_1_256' title='bbox 2575 3409 2691 3448; x_wconf 87' lang='lat' dir='ltr'><strong>sen·</strong></span> 
     </span>
     <span class='ocr_line' id='line_1_30' title="bbox 432 3476 2689 3547; baseline 0.002 -18"><span class='ocrx_word' id='word_1_257' title='bbox 432 3494 547 3531; x_wconf 87' lang='lat' dir='ltr'><strong>sum</strong></span> <span class='ocrx_word' id='word_1_258' title='bbox 585 3484 635 3531; x_wconf 86' lang='lat' dir='ltr'><strong>et</strong></span> <span class='ocrx_word' id='word_1_259' title='bbox 664 3483 791 3545; x_wconf 78' lang='lat' dir='ltr'><strong>post</strong></span> <span class='ocrx_word' id='word_1_260' title='bbox 826 3480 881 3530; x_wconf 88' lang='lat' dir='ltr'><strong>et</strong></span> <span class='ocrx_word' id='word_1_261' title='bbox 908 3491 1015 3544; x_wconf 75' lang='lat' dir='ltr'><strong>pro</strong></span> <span class='ocrx_word' id='word_1_262' title='bbox 1041 3476 1097 3530; x_wconf 94' lang='lat' dir='ltr'><strong>in</strong></span> <span class='ocrx_word' id='word_1_263' title='bbox 1123 3477 1305 3546; x_wconf 76' lang='lat' dir='ltr'><strong>uulyo)</strong></span> <span class='ocrx_word' id='word_1_264' title='bbox 1501 3477 1534 3530; x_wconf 88' lang='grc'><strong>9</strong></span> <span class='ocrx_word' id='word_1_265' title='bbox 1571 3476 1739 3545; x_wconf 76' lang='lat' dir='ltr'><strong>quid?</strong></span> <span class='ocrx_word' id='word_1_266' title='bbox 1778 3477 1918 3547; x_wconf 90' lang='lat' dir='ltr'><strong>quod</strong></span> <span class='ocrx_word' id='word_1_267' title='bbox 1953 3479 2170 3546; x_wconf 81' lang='lat' dir='ltr'><strong>scripsi:</strong></span> <span class='ocrx_word' id='word_1_268' title='bbox 2210 3478 2352 3547; x_wconf 89' lang='lat' dir='ltr'><strong>quod</strong></span> <span class='ocrx_word' id='word_1_269' title='bbox 2381 3477 2497 3544; x_wconf 81' lang='lat' dir='ltr'><strong>(sed</strong></span> <span class='ocrx_word' id='word_1_270' title='bbox 2520 3494 2562 3533; x_wconf 87' lang='lat' dir='ltr'><strong>s.</strong></span> <span class='ocrx_word' id='word_1_271' title='bbox 2586 3495 2689 3533; x_wconf 83' lang='lat' dir='ltr'><strong>scr.</strong></span> 
     </span>
     <span class='ocr_line' id='line_1_31' title="bbox 429 3561 2688 3633; baseline 0.001 -17"><span class='ocrx_word' id='word_1_272' title='bbox 429 3581 497 3616; x_wconf 86' lang='lat' dir='ltr'><strong>m.</strong></span> <span class='ocrx_word' id='word_1_273' title='bbox 531 3566 571 3617; x_wconf 82' lang='lat'><strong><em>2</em></strong></span> <span class='ocrx_word' id='word_1_274' title='bbox 621 3565 680 3615; x_wconf 87' lang='lat' dir='ltr'><strong>at</strong></span> <span class='ocrx_word' id='word_1_275' title='bbox 726 3561 869 3630; x_wconf 77' lang='lat' dir='ltr'><strong>quod</strong></span> <span class='ocrx_word' id='word_1_276' title='bbox 903 3561 1166 3615; x_wconf 79' lang='lat' dir='ltr'><strong>Halmius</strong></span> <span class='ocrx_word' id='word_1_277' title='bbox 1202 3579 1316 3615; x_wconf 72' lang='lat' dir='ltr'><strong>non</strong></span> <span class='ocrx_word' id='word_1_278' title='bbox 1352 3561 1604 3628; x_wconf 78' lang='lat' dir='ltr'><strong>adnotat)</strong></span> <span class='ocrx_word' id='word_1_279' title='bbox 1640 3564 1697 3616; x_wconf 91' lang='lat' dir='ltr'><strong><em>A</em></strong></span> <span class='ocrx_word' id='word_1_280' title='bbox 1749 3563 1889 3633; x_wconf 90' lang='lat' dir='ltr'><strong>quod</strong></span> <span class='ocrx_word' id='word_1_281' title='bbox 1926 3564 1981 3616; x_wconf 99' lang='grc' dir='ltr'><strong><em>Β</em></strong></span> <span class='ocrx_word' id='word_1_282' title='bbox 2035 3568 2095 3617; x_wconf 88' lang='lat' dir='ltr'><strong>at</strong></span> <span class='ocrx_word' id='word_1_283' title='bbox 2124 3581 2192 3632; x_wconf 69' lang='lat'><strong>2³3</strong></span> <span class='ocrx_word' id='word_1_284' title='bbox 2246 3567 2349 3632; x_wconf 80' lang='lat' dir='ltr'><strong>cfr.</strong></span> <span class='ocrx_word' id='word_1_285' title='bbox 2391 3563 2688 3619; x_wconf 57' lang='lat' dir='ltr'><strong>Sita-Ber.</strong></span> 
     </span>
     <span class='ocr_line' id='line_1_32' title="bbox 422 3647 2692 3717; baseline 0 -14"><span class='ocrx_word' id='word_1_286' title='bbox 422 3665 484 3717; x_wconf 78' lang='lat' dir='ltr'><strong>p.</strong></span> <span class='ocrx_word' id='word_1_287' title='bbox 520 3652 590 3703; x_wconf 79' lang='lat'><strong>34</strong></span> <span class='ocrx_word' id='word_1_288' title='bbox 797 3647 864 3700; x_wconf 91' lang='grc'><strong>10</strong></span> <span class='ocrx_word' id='word_1_289' title='bbox 910 3664 1098 3715; x_wconf 81' lang='lat' dir='ltr'><strong>quaeq3</strong></span> <span class='ocrx_word' id='word_1_290' title='bbox 1147 3664 1214 3701; x_wconf 79' lang='lat' dir='ltr'><strong>ex</strong></span> <span class='ocrx_word' id='word_1_291' title='bbox 1258 3664 1493 3716; x_wconf 90' lang='lat' dir='ltr'><strong>quaeque</strong></span> <span class='ocrx_word' id='word_1_292' title='bbox 1538 3665 1676 3705; x_wconf 80' lang='lat' dir='ltr'><strong>corr.</strong></span> <span class='ocrx_word' id='word_1_293' title='bbox 1714 3666 1782 3703; x_wconf 79' lang='lat' dir='ltr'><strong>m:</strong></span> <span class='ocrx_word' id='word_1_294' title='bbox 1817 3653 1857 3704; x_wconf 98' lang='grc'><em>2</em></span> <span class='ocrx_word' id='word_1_295' title='bbox 1900 3650 1955 3703; x_wconf 90' lang='lat' dir='ltr'><strong><em>A</em></strong></span> <span class='ocrx_word' id='word_1_296' title='bbox 2160 3650 2237 3703; x_wconf 87' lang='lat' dir='ltr'><strong>eis</strong></span> <span class='ocrx_word' id='word_1_297' title='bbox 2272 3650 2563 3704; x_wconf 77' lang='lat' dir='ltr'><strong>Halmius:</strong></span> <span class='ocrx_word' id='word_1_298' title='bbox 2614 3651 2692 3704; x_wconf 61' lang='lat' dir='ltr'><strong>ei*</strong></span> 
     </span>
     <span class='ocr_line' id='line_1_33' title="bbox 431 3735 2690 3804; baseline 0.001 -16"><span class='ocrx_word' id='word_1_299' title='bbox 431 3735 598 3789; x_wconf 88' lang='lat' dir='ltr'><strong>sociae</strong></span> <span class='ocrx_word' id='word_1_300' title='bbox 622 3736 676 3787; x_wconf 90' lang='lat' dir='ltr'><strong><em>A</em></strong></span> <span class='ocrx_word' id='word_1_301' title='bbox 710 3736 766 3788; x_wconf 87' lang='lat' dir='ltr'><strong>et</strong></span> <span class='ocrx_word' id='word_1_302' title='bbox 790 3735 958 3787; x_wconf 86' lang='lat' dir='ltr'><strong>sociae</strong></span> <span class='ocrx_word' id='word_1_303' title='bbox 983 3735 1037 3788; x_wconf 90' lang='grc' dir='ltr'><strong><em>Β</em></strong></span> <span class='ocrx_word' id='word_1_304' title='bbox 1208 3751 1489 3804; x_wconf 63' lang='lat' dir='ltr'><strong>germana*</strong></span> <span class='ocrx_word' id='word_1_305' title='bbox 1514 3741 1673 3800; x_wconf 83' lang='lat' dir='ltr'><strong>(eras.</strong></span> <span class='ocrx_word' id='word_1_306' title='bbox 1701 3753 1726 3790; x_wconf 88' lang='lat' dir='ltr'><strong>s</strong></span> <span class='ocrx_word' id='word_1_307' title='bbox 1750 3737 1849 3802; x_wconf 75' lang='lat' dir='ltr'><strong>lit.)</strong></span> <span class='ocrx_word' id='word_1_308' title='bbox 1875 3737 1931 3789; x_wconf 91' lang='lat' dir='ltr'><strong><em>A</em></strong></span> <span class='ocrx_word' id='word_1_309' title='bbox 1956 3735 2349 3804; x_wconf 64' lang='lat' dir='ltr'><strong>(germanitate</strong></span> <span class='ocrx_word' id='word_1_310' title='bbox 2376 3737 2690 3790; x_wconf 87' lang='lat' dir='ltr'><strong>coniunctae</strong></span> 
     </span>
     <span class='ocr_line' id='line_1_34' title="bbox 427 3820 2690 3889; baseline 0 -14"><span class='ocrx_word' id='word_1_311' title='bbox 427 3821 831 3876; x_wconf 76' lang='lat' dir='ltr'><strong>Ritterskusius</strong></span> <span class='ocrx_word' id='word_1_312' title='bbox 862 3820 1015 3876; x_wconf 76' lang='lat' dir='ltr'><strong>haud</strong></span> <span class='ocrx_word' id='word_1_313' title='bbox 1048 3823 1159 3875; x_wconf 78' lang='lat' dir='ltr'><strong>scio</strong></span> <span class='ocrx_word' id='word_1_314' title='bbox 1195 3837 1272 3876; x_wconf 74' lang='lat' dir='ltr'><strong>cm</strong></span> <span class='ocrx_word' id='word_1_315' title='bbox 1303 3822 1466 3876; x_wconf 80' lang='lat' dir='ltr'><strong>recte&#39;</strong></span> <span class='ocrx_word' id='word_1_316' title='bbox 1504 3823 1784 3889; x_wconf 76' lang='lat' dir='ltr'><strong>Halmius)</strong></span> <span class='ocrx_word' id='word_1_317' title='bbox 1994 3823 2061 3876; x_wconf 84' lang='lat'><strong>12</strong></span> <span class='ocrx_word' id='word_1_318' title='bbox 2097 3821 2331 3876; x_wconf 85' lang='lat' dir='ltr'><strong>luxoriae</strong></span> <span class='ocrx_word' id='word_1_319' title='bbox 2363 3839 2405 3877; x_wconf 90' lang='lat' dir='ltr'><strong>s.</strong></span> <span class='ocrx_word' id='word_1_320' title='bbox 2443 3839 2474 3876; x_wconf 96' lang='lat' dir='ltr'><strong>o</strong></span> <span class='ocrx_word' id='word_1_321' title='bbox 2507 3839 2612 3878; x_wconf 84' lang='lat' dir='ltr'><strong>scr.</strong></span> <span class='ocrx_word' id='word_1_322' title='bbox 2653 3840 2690 3876; x_wconf 90' lang='lat' dir='ltr'><strong>u</strong></span> 
     </span>
     <span class='ocr_line' id='line_1_35' title="bbox 426 3907 2686 3977; baseline 0.002 -17"><span class='ocrx_word' id='word_1_323' title='bbox 426 3923 495 3961; x_wconf 83' lang='lat' dir='ltr'><strong>m.</strong></span> <span class='ocrx_word' id='word_1_324' title='bbox 519 3910 556 3963; x_wconf 82' lang='lat'><strong><em>2</em></strong></span> <span class='ocrx_word' id='word_1_325' title='bbox 590 3908 644 3960; x_wconf 89' lang='lat' dir='ltr'><strong><em>A</em></strong></span> <span class='ocrx_word' id='word_1_326' title='bbox 816 3907 1140 3975; x_wconf 84' lang='lat' dir='ltr'><strong>perditiones</strong></span> <span class='ocrx_word' id='word_1_327' title='bbox 1174 3923 1214 3961; x_wconf 91' lang='lat' dir='ltr'><strong>s.</strong></span> <span class='ocrx_word' id='word_1_328' title='bbox 1248 3924 1304 3962; x_wconf 89' lang='lat' dir='ltr'><strong>er</strong></span> <span class='ocrx_word' id='word_1_329' title='bbox 1328 3924 1431 3963; x_wconf 78' lang='lat' dir='ltr'><strong>scr.</strong></span> <span class='ocrx_word' id='word_1_330' title='bbox 1467 3925 1526 3964; x_wconf 89' lang='lat' dir='ltr'><strong>ro</strong></span> <span class='ocrx_word' id='word_1_331' title='bbox 1561 3927 1628 3964; x_wconf 86' lang='lat' dir='ltr'><strong>m.</strong></span> <span class='ocrx_word' id='word_1_332' title='bbox 1655 3912 1696 3963; x_wconf 97' lang='grc'><em>2</em></span> <span class='ocrx_word' id='word_1_333' title='bbox 1732 3910 1788 3962; x_wconf 91' lang='lat' dir='ltr'><strong><em>A</em></strong></span> <span class='ocrx_word' id='word_1_334' title='bbox 1962 3909 2027 3963; x_wconf 84' lang='lat'><strong>13</strong></span> <span class='ocrx_word' id='word_1_335' title='bbox 2061 3912 2414 3963; x_wconf 84' lang='lat' dir='ltr'><strong>successerent</strong></span> <span class='ocrx_word' id='word_1_336' title='bbox 2447 3925 2488 3963; x_wconf 90' lang='lat' dir='ltr'><strong>s.</strong></span> <span class='ocrx_word' id='word_1_337' title='bbox 2525 3925 2554 3963; x_wconf 89' lang='lat' dir='ltr'><strong>e</strong></span> <span class='ocrx_word' id='word_1_338' title='bbox 2585 3911 2686 3977; x_wconf 73' lang='lat' dir='ltr'><strong>fin.</strong></span> 
     </span>
     <span class='ocr_line' id='line_1_36' title="bbox 427 3993 2686 4063; baseline 0.001 -16"><span class='ocrx_word' id='word_1_339' title='bbox 427 4009 531 4047; x_wconf 80' lang='lat' dir='ltr'><strong>scr.</strong></span> <span class='ocrx_word' id='word_1_340' title='bbox 566 4010 603 4046; x_wconf 89' lang='lat' dir='ltr'><strong>u</strong></span> <span class='ocrx_word' id='word_1_341' title='bbox 636 4010 706 4047; x_wconf 88' lang='lat' dir='ltr'><strong>m.</strong></span> <span class='ocrx_word' id='word_1_342' title='bbox 729 3996 771 4047; x_wconf 88' lang='grc'><em>2</em></span> <span class='ocrx_word' id='word_1_343' title='bbox 806 3993 862 4045; x_wconf 91' lang='lat' dir='ltr'><strong><em>A</em></strong></span> <span class='ocrx_word' id='word_1_344' title='bbox 913 4009 1203 4048; x_wconf 82' lang='lat' dir='ltr'><strong>successere</strong></span> <span class='ocrx_word' id='word_1_345' title='bbox 1238 3995 1293 4047; x_wconf 99' lang='grc' dir='ltr'><strong><em>Β</em></strong></span> <span class='ocrx_word' id='word_1_346' title='bbox 1503 3997 1571 4050; x_wconf 82' lang='grc'><strong>15</strong></span> <span class='ocrx_word' id='word_1_347' title='bbox 1605 3995 1756 4063; x_wconf 89' lang='lat' dir='ltr'><strong>copia</strong></span> <span class='ocrx_word' id='word_1_348' title='bbox 1786 4034 1798 4045; x_wconf 90' lang='lat'><strong>.</strong></span> <span class='ocrx_word' id='word_1_349' title='bbox 1819 4033 1834 4048; x_wconf 91' lang='lat'><strong>.</strong></span> <span class='ocrx_word' id='word_1_350' title='bbox 1862 3994 2146 4062; x_wconf 84' lang='lat' dir='ltr'><strong>disciplina</strong></span> <span class='ocrx_word' id='word_1_351' title='bbox 2180 3995 2263 4048; x_wconf 82' lang='lat' dir='ltr'><strong>A:</strong></span> <span class='ocrx_word' id='word_1_352' title='bbox 2321 3995 2501 4062; x_wconf 84' lang='lat' dir='ltr'><strong>copiae</strong></span> <span class='ocrx_word' id='word_1_353' title='bbox 2530 4035 2576 4047; x_wconf 91' lang='lat'><strong>..</strong></span> <span class='ocrx_word' id='word_1_354' title='bbox 2606 3996 2686 4050; x_wconf 89' lang='lat' dir='ltr'><strong>di-</strong></span> 
     </span>
     <span class='ocr_line' id='line_1_37' title="bbox 430 4078 2687 4150; baseline 0.002 -19"><span class='ocrx_word' id='word_1_355' title='bbox 430 4078 687 4146; x_wconf 88' lang='lat' dir='ltr'><strong>sciplinae</strong></span> <span class='ocrx_word' id='word_1_356' title='bbox 719 4078 1048 4135; x_wconf 77' lang='lat' dir='ltr'><strong>BHalmius</strong></span> <span class='ocrx_word' id='word_1_357' title='bbox 1253 4080 1317 4135; x_wconf 89' lang='lat'><strong>18</strong></span> <span class='ocrx_word' id='word_1_358' title='bbox 1351 4080 1502 4150; x_wconf 89' lang='lat' dir='ltr'><strong>fides]</strong></span> <span class='ocrx_word' id='word_1_359' title='bbox 1540 4082 1665 4135; x_wconf 90' lang='lat' dir='ltr'><strong>fidis</strong></span> <span class='ocrx_word' id='word_1_360' title='bbox 1700 4081 1814 4135; x_wconf 91' lang='lat' dir='ltr'><strong>AB</strong></span> <span class='ocrx_word' id='word_1_361' title='bbox 2009 4080 2074 4134; x_wconf 89' lang='grc'><strong>19</strong></span> <span class='ocrx_word' id='word_1_362' title='bbox 2110 4079 2305 4149; x_wconf 84' lang='lat' dir='ltr'><strong>factaq;</strong></span> <span class='ocrx_word' id='word_1_363' title='bbox 2341 4097 2409 4136; x_wconf 79' lang='lat' dir='ltr'><strong>ex</strong></span> <span class='ocrx_word' id='word_1_364' title='bbox 2443 4080 2687 4150; x_wconf 86' lang='lat' dir='ltr'><strong>factaque</strong></span> 
     </span>
     <span class='ocr_line' id='line_1_38' title="bbox 430 4165 2687 4236; baseline 0.001 -18"><span class='ocrx_word' id='word_1_365' title='bbox 430 4180 568 4221; x_wconf 82' lang='lat' dir='ltr'><strong>corr.</strong></span> <span class='ocrx_word' id='word_1_366' title='bbox 595 4182 662 4221; x_wconf 87' lang='lat' dir='ltr'><strong>m.</strong></span> <span class='ocrx_word' id='word_1_367' title='bbox 688 4167 729 4219; x_wconf 92' lang='grc'><em>2</em></span> <span class='ocrx_word' id='word_1_368' title='bbox 752 4165 808 4220; x_wconf 82' lang='lat' dir='ltr'><strong><em>A</em></strong></span> <span class='ocrx_word' id='word_1_369' title='bbox 835 4171 918 4230; x_wconf 80' lang='lat' dir='ltr'><strong>(ut</strong></span> <span class='ocrx_word' id='word_1_370' title='bbox 940 4181 1117 4235; x_wconf 78' lang='lat' dir='ltr'><strong>supra</strong></span> <span class='ocrx_word' id='word_1_371' title='bbox 1138 4172 1187 4230; x_wconf 79' lang='lat'><strong>§.</strong></span> <span class='ocrx_word' id='word_1_372' title='bbox 1215 4169 1251 4219; x_wconf 89' lang='lat'><strong><em>3</em></strong></span> <span class='ocrx_word' id='word_1_373' title='bbox 1273 4170 1485 4235; x_wconf 80' lang='lat' dir='ltr'><strong>quaeq3)</strong></span> <span class='ocrx_word' id='word_1_374' title='bbox 1510 4173 1558 4221; x_wconf 79' lang='lat' dir='ltr'><strong>et</strong></span> <span class='ocrx_word' id='word_1_375' title='bbox 1574 4168 1751 4236; x_wconf 75' lang='lat' dir='ltr'><strong>paulo</strong></span> <span class='ocrx_word' id='word_1_376' title='bbox 1768 4172 1898 4235; x_wconf 72' lang='lat' dir='ltr'><strong>post</strong></span> <span class='ocrx_word' id='word_1_377' title='bbox 1920 4166 2155 4234; x_wconf 88' lang='lat' dir='ltr'><strong>eademq;</strong></span> <span class='ocrx_word' id='word_1_378' title='bbox 2179 4167 2321 4221; x_wconf 80' lang='lat' dir='ltr'><strong>alias</strong></span> <span class='ocrx_word' id='word_1_379' title='bbox 2498 4169 2687 4226; x_wconf 82' lang='lat' dir='ltr'><strong>eclesia</strong></span> 
     </span>
     <span class='ocr_line' id='line_1_39' title="bbox 431 4251 2338 4322; baseline 0.002 -19"><span class='ocrx_word' id='word_1_380' title='bbox 431 4252 484 4303; x_wconf 90' lang='lat' dir='ltr'><strong><em>A</em></strong></span> <span class='ocrx_word' id='word_1_381' title='bbox 519 4251 740 4318; x_wconf 78' lang='lat' dir='ltr'><strong>saepius</strong></span> <span class='ocrx_word' id='word_1_382' title='bbox 945 4255 1071 4306; x_wconf 90' lang='lat' dir='ltr'><strong>tuae</strong></span> <span class='ocrx_word' id='word_1_383' title='bbox 1108 4267 1175 4306; x_wconf 80' lang='lat' dir='ltr'><strong>ex</strong></span> <span class='ocrx_word' id='word_1_384' title='bbox 1210 4256 1306 4306; x_wconf 86' lang='lat' dir='ltr'><strong>tua</strong></span> <span class='ocrx_word' id='word_1_385' title='bbox 1340 4267 1481 4307; x_wconf 80' lang='lat' dir='ltr'><strong>corr.</strong></span> <span class='ocrx_word' id='word_1_386' title='bbox 1517 4270 1586 4306; x_wconf 87' lang='lat' dir='ltr'><strong>m.</strong></span> <span class='ocrx_word' id='word_1_387' title='bbox 1622 4257 1658 4308; x_wconf 91' lang='grc'><em>2</em></span> <span class='ocrx_word' id='word_1_388' title='bbox 1692 4254 1748 4306; x_wconf 87' lang='lat' dir='ltr'><strong><em>A</em></strong></span> <span class='ocrx_word' id='word_1_389' title='bbox 1954 4252 2022 4306; x_wconf 79' lang='lat'><strong>22</strong></span> <span class='ocrx_word' id='word_1_390' title='bbox 2058 4253 2246 4322; x_wconf 88' lang='lat' dir='ltr'><strong>cepisti</strong></span> <span class='ocrx_word' id='word_1_391' title='bbox 2281 4253 2338 4306; x_wconf 95' lang='grc' dir='ltr'><strong><em>Β</em></strong></span> 
     </span>
    </p>
   </div>
   <div class='ocr_carea' id='block_1_4' title="bbox 532 4354 2484 4418">
    <p class='ocr_par' dir='ltr' id='par_1_4' title="bbox 532 4354 2484 4418">
     <span class='ocr_line' id='line_1_40' title="bbox 532 4354 2484 4418; baseline 0.001 -10"><span class='ocrx_word' id='word_1_392' title='bbox 532 4354 685 4408; x_wconf 89' lang='lat' dir='ltr'><strong>VIII.</strong></span> <span class='ocrx_word' id='word_1_393' title='bbox 842 4409 855 4418; x_wconf 66' lang='grc'>,</span> <span class='ocrx_word' id='word_1_394' title='bbox 2419 4356 2484 4410; x_wconf 89' lang='grc'><strong>15</strong></span> 
     </span>
    </p>
   </div>
  </div>
 </body>
</html>
