3380 4919
1213 326 1291 380 ad
1327 327 1678 380 ecclesiam
1725 327 1784 380 11
1821 330 1850 390 ς
1890 327 2106 382 16-22.
2666 328 2787 394 251

520 516 1070 600 -obtemperantem
1131 520 1282 581 tunc
1339 517 1466 600 legi
1526 516 1816 599 praebuit
1860 516 2039 599 quasi
2083 519 2413 601 euangelia
2456 518 2790 600 conpleuit.

534 636 656 684 non
704 623 797 685 est
841 638 991 703 ergo
1035 622 1196 703 quod
1231 620 1720 703 confugiendum
1751 620 1875 685 sibi
1904 639 2071 686 nunc
2104 621 2436 703 quisquam
2468 623 2544 686 ad
2588 622 2788 704 legem

535 725 746 804 putet3
792 724 1069 788 uetera
1114 722 1349 800 enim,
1395 726 1466 787 ut
1498 722 1590 787 ait
1621 724 1962 805 apostolus,
1995 724 2527 801 transierunt,
2576 724 2794 789 facta

537 829 721 891 sunt
785 827 1045 891 omnia
1111 842 1329 890 noua.
1403 826 1547 907 plus
1615 828 1769 890 tunc
1834 825 2261 909 indulgentiae
2327 828 2464 893 ¹erat
2522 828 2612 892 et·
2649 827 2898 908 plus20

494 949 517 987 s
536 928 846 997 licentiae.
919 930 1070 994 tunc
1116 947 1260 993 esus
1320 928 1603 993 carnium
1647 928 2125 1011 praedicabatur
2169 949 2337 995 nunc
2383 929 2790 995 abstinentia:

537 1035 687 1096 ωηο
729 1033 794 1096 in
841 1031 1013 1097 omni
1056 1031 1192 1096 uita
1236 1032 1606 1096 ieiuniorum
1637 1032 2000 1113 paucissimi
2031 1034 2163 1097 dies
2196 1052 2358 1098 nunc
2390 1033 2566 1114 quasi
2597 1052 2794 1107 unum

536 1135 839 1201 ieiunium
882 1136 1019 1200 uita
1060 1135 1297 1200 omnis:
1358 1136 1511 1198 ωηο
1568 1133 1754 1199 laesis
1800 1135 1960 1201 ultio
2005 1137 2373 1219 suppetebat
2418 1153 2582 1199 nunc
2625 1136 2794 1218 pati-

538 1238 739 1304 entia:
806 1243 954 1303 ωηο
1010 1236 1429 1302 irascentibus
1484 1238 1583 1302 lex
1643 1237 1938 1301 ministra
1997 1240 2134 1303 erat
2195 1257 2360 1302 nunc
2405 1239 2792 1303 aduersaria:

536 1338 690 1406 tunc
764 1342 1112 1406 accusatori
1183 1339 1464 1422 gladium
1542 1337 1901 1422 porrigebat
1966 1358 2134 1404 nunc
2201 1342 2567 1406 caritatem:
2643 1341 2804 1431 tunc
2863 1402 2874 1412 ,

467 1468 519 1509 ιο
540 1444 729 1508 etiam
777 1443 1013 1508 carnali
1070 1442 1419 1507 inlecebrae
1477 1443 1577 1508 lex
1620 1441 1988 1523 indulgebat
2032 1460 2200 1508 nunc
2244 1444 2641 1526 euangelium
2685 1462 2798 1509 nec
2859 1438 2872 1447 ’

538 1546 845 1628 aspectui:
893 1548 1045 1610 tunc
1091 1563 1423 1628 corporeae
1469 1546 1827 1628 uoluptates
1874 1544 2193 1610 habebant
2238 1546 2554 1627 quandam
2603 1546 2794 1611 licen-

536 1648 697 1712 tiam
740 1666 904 1713 nunc
947 1648 1244 1717 iubentur
1287 1649 1478 1713 etiam
1523 1649 1684 1713 oculi
1731 1640 2042 1713 custodire
2102 1665 2466 1715 censuram:
2527 1648 2677 1713 tunc
2718 1648 2798 1714 ad

538 1751 770 1815 multas
837 1768 1056 1816 uxores
1120 1752 1502 1835 recipiendas
1568 1751 1753 1817 unius
1821 1752 2033 1817 mariti
2090 1755 2298 1816 torum
2342 1753 2440 1817 lex
2487 1752 2799 1818 dilatabat

538 1872 705 1919 nunc
773 1856 962 1919 etiam
1010 1856 1090 1919 ad
1136 1873 1326 1920 unam
1391 1855 1845 1920 excludendam
1918 1856 2075 1920 casti
2141 1855 2405 1920 affectus
2474 1854 2797 1919 deuotione

470 1980 519 2020 15
540 1958 933 2041 constringit.
1011 1958 1378 2041 superest
1445 1959 1677 2040 enim,
1748 1959 1955 2040 inquit
2013 1959 2348 2040 apostoluS,
2418 1959 2504 2023 ut
2549 1961 2623 2023 et
2669 1956 2898 2042 qui21

538 2059 827 2126 habent
893 2080 1168 2125 uxores
1234 2060 1353 2125 ita
1419 2062 1580 2126 sint
1638 2080 1724 2126 ac
1784 2063 1850 2125 si
1913 2080 2058 2127 non
2104 2062 2471 2138 habeant,
2544 2060 2798 2142 etqui

539 2162 746 2227 flent
816 2166 1212 2247 tamquam
1279 2182 1425 2229 non
1483 2164 1818 2243 flentes,
1888 2167 1963 2229 et
2020 2164 2149 2246 qui
2204 2166 2568 2244 gaudent
2612 2166 2800 2228 tam-

541 2282 766 2345 quam
833 2283 981 2330 non
1043 2266 1515 2347 gaudentes,
1585 2267 1659 2329 et
1707 2256 1849 2349 'qui
1905 2268 2171 2331 emunt
2215 2270 2604 2346 tamquam
2652 2283 2799 2330 non

539 2367 1078 2452 possidentes,
1151 2369 1224 2431 et
1290 2367 1417 2449 qui
1486 2368 1821 2434 utuntur
1881 2368 2018 2434 hoc
2075 2370 2357 2433 mundo
2405 2371 2799 2449 tamquam

472 2489 686 2540 eonon
755 2458 1122 2547 utantur;
1187 2472 1580 2555 praeterit
1648 2472 1853 2537 enim
1915 2472 2179 2555 figura
2239 2471 2476 2536 huius
2520 2461 2798 2536 mundi.

543 2572 754 2638 uidete
812 2563 998 2666 quam
1054 2572 1329 2638 breuiter
1385 2574 1615 2637 missus
1662 2591 1699 2636 a
1744 2574 1857 2652 deo
1918 2573 2127 2640 doctor
2176 2575 2401 2638 cuncta
2443 2574 2798 2640 moderatus

543 2677 629 2741 sit
676 2680 739 2741 et
782 2677 951 2741 intra
1005 2695 1198 2742 unam
1257 2677 1707 2758 perfectionem
1751 2676 2042 2744 uniuersa
2087 2677 2478 2755 concluserit,
2534 2693 2657 2741 non
2701 2677 2800 2742 in-

540 2780 722 2844 licita
765 2780 967 2845 solum
1010 2779 1439 2845 interdicendo
1496 2778 1607 2846 sed
1663 2771 1860 2846 etiam
1905 2780 2083 2845 licita
2126 2780 2479 2859 coartand0‚
2528 2778 2799 2844 circum-

526 2873 755 2950 cidens
814 2881 1060 2948 scilicet
1119 2885 1181 2946 et
1235 2901 1420 2947 usum
1465 2882 1898 2966 coniugiorum
1945 2886 2007 2946 et
2052 2882 2490 2950 infidelitatem
2538 2882 2799 2948 fletuum

469 3012 524 3054 25
542 2986 606 3048 et
648 2983 1204 3067 intemperantiam
1232 2984 1619 3069 *gaudiorum
1665 2986 1728 3049 et
1774 2986 2041 3050 habendi
2087 2985 2416 3051 libidinem
2463 2989 2525 3055 et
2556 2985 2799 3051 emendi
2865 3039 2876 3056 ,

459 3083 462 3086 ’
543 3085 952 3170 cupiditatem
1019 3091 1082 3151 et
1150 3089 1351 3170 ipsam
1419 3088 1683 3172 denique
1750 3088 1971 3154 mu'ndi
2038 3089 2222 3154 huius
2290 3090 2547 3154 breuem
2615 3094 2798 3171 atque
2851 3085 2854 3088 ’

539 3190 943 3260 umbratilem
987 3194 1398 3276 uoluptatem.
1477 3192 1540 3255 et
1583 3192 1737 3257 haec
1784 3193 1997 3258 omnia
2042 3196 2198 3258 cur?
2246 3211 2356 3257 cur
2392 3192 2608 3274 utique
2654 3191 2795 3268 nisi,
2819 3189 2904 3254 22

542 3294 614 3360 ut
659 3294 790 3376 ipse
835 3294 1012 3373 dixit,
1060 3296 1208 3376 quia
1252 3295 1554 3377 praeterit
1599 3294 1802 3379 figura
1847 3295 2031 3361 huius
2061 3296 2330 3376 mundi?
2384 3313 2571 3376 quam
2616 3293 2801 3376 longe

643 3479 678 3534 3
723 3480 784 3535 11
820 3480 938 3536 Cor.
973 3482 1023 3547 5,
1064 3481 1127 3534 17
1336 3480 1402 3534 15
1449 3481 1477 3534 Ι
1515 3480 1635 3535 Cor.
1675 3479 1723 3543 7,
1758 3481 1828 3534 29

646 3650 676 3702 1
729 3649 1068 3719 euangelium
1118 3649 1202 3704 ed.
1250 3649 1530 3703 Baluzius
1574 3652 1716 3716 (cum
1764 3652 1813 3716 b)
2023 3650 2059 3705 4
2110 3648 2486 3718 indulgentiae
2538 3664 2605 3703 ex
2657 3649 2801 3702 indi·

541 3734 758 3803 gantiae
792 3750 929 3793 corr.
965 3752 1035 3791 m.
1066 3738 1112 3794 3
1145 3736 1202 3792 B
1290 3771 1295 3777 ·
1407 3737 1445 3792 5
1477 3750 1629 3792 aesus
1664 3737 1721 3790 Δ
1928 3738 1959 3791 7
1994 3735 2317 3805 subpetebat
2352 3736 2408 3792 B
2618 3736 2685 3792 14
2731 3734 2801 3789 ad

540 3836 704 3875 uuam
740 3819 870 3875 add.
905 3837 947 3875 s.
985 3821 1022 3875 l.
1059 3823 1204 3876 mm?
1237 3821 1294 3878 B
1392 3861 1395 3866 ·
1502 3822 1570 3877 22
1613 3823 1763 3877 intra
1804 3822 2245 3888 unam‘-AB(b)=
2298 3823 2446 3878 intra
2479 3836 2643 3891 quam
2677 3836 2801 3878 cum

534 3906 662 3962 cdd.
719 3908 885 3963 etiam
928 3906 1192 3962 Halmius
1242 3907 1384 3963 nihil
1426 3908 1492 3963 im
1535 3914 1825 3978 oepparatu
1869 3911 1993 3964 cn't.
2029 3908 2302 3964 adnotans
2335 3955 2336 3958 ,
2505 3908 2576 3962 28
2627 3907 2798 3963 inter-

526 3991 764 4048 -dioendo
798 4008 922 4048 cum
943 3991 1317 4048 Rittershusio
1336 3994 1632 4049 Hahnius:
1667 3994 2040 4050 intercidendo
2072 3994 2185 4050 AB
2216 3993 2364 4063 quod
2395 3994 2526 4061 fort.
2559 3995 2800 4052 rotinere

543 4079 795 4138 debebam
842 4085 1069 4148 propter
1116 4096 1347 4149 sequens
1396 4082 1796 4138 circumcidens„
1831 4082 1901 4149 cf.
1935 4082 2201 4137 ‹Indicem
2246 4080 2368 4136 ΙΙΙ
2414 4097 2476 4136 ε..
2512 4098 2571 4137 u.
2603 4082 2797 4138 „inter-

544 4164 740 4306 cidereB
920 4165 985 4220 27
1041 4179 1134 4220 cur
1185 4168 1423 4222 alterum
1474 4183 1692 4223 erasum
1743 4167 1839 4223 sed
1890 4169 1996 4222 ita*
2017 4173 2100 4222 uta
2128 4165 2312 4223 adhuc
2356 4168 2463 4238 leyi
2508 4168 2682 4236 possit
2726 4168 2799 4235 A,
