3380 4919
642 289 771 357 140
1611 285 1923 339 Saluiani

633 494 874 559 quoque
918 493 1051 540 esse
1107 473 1342 552 uitiosi,
1404 491 1516 538 nos
1575 473 1829 538 tantum
1872 491 2105 538 nouum
2149 492 2345 558 genus
2390 474 2772 558 pupillorum
2815 491 2890 539 ac

632 580 1019 663 perditorum
1049 596 1286 657 sumus,
1332 578 1401 641 in
1432 576 1661 659 quibus
1693 576 2013 660 opulentia
2044 595 2178 643 esse
2209 576 2419 656 desiit,
2467 578 2576 642 sed
2605 577 2889 660 nequitia

632 684 945 766 perdurat.
1025 685 1175 748 adeo
1218 700 1330 746 nos
1376 699 1502 746 non
1546 683 1620 745 ut
1660 679 1776 745 alii
1820 679 2097 746 homines
2143 698 2361 747 causas
2391 681 2888 762 corruptelarum

632 785 701 849 in
755 786 1102 866 inlecebris,
1171 785 1281 850 sed
1339 785 1408 849 in
1466 782 1751 849 cordibus
1805 782 2125 863 habemuS,
2187 785 2256 848 et
2310 782 2622 848 uitiositas
2680 783 2890 848 nostra

634 904 807 954 mens
866 890 1075 956 nostra
1130 889 1246 966 est,
1303 892 1376 952 ut
1421 886 1499 953 ad
1546 886 1962 953 emendandos
2017 904 2129 952 nos
2187 904 2310 952 non
2354 885 2728 952 facultatum
2777 888 2885 952 ab·
2932 907 2958 948 ο

632 991 864 1057 latione
901 1025 931 1057 *
969 992 1080 1057 sed
1124 992 1433 1057 malarum
1476 1007 1686 1054 rerum
1732 1006 1940 1055 amore
1984 1008 2239 1071 peccare
2282 988 2703 1075 (pergamus).

529 1117 615 1182 53
718 1112 793 1177 X.
857 1113 1105 1193 Quanta
1164 1116 1373 1177 autem
1431 1111 1587 1176 uitia
1644 1111 2067 1176 Romanorum
2114 1110 2259 1188 sint,
2322 1110 2544 1192 quibus
2590 1109 2888 1176 barbarae

632 1220 853 1299 gentes
901 1235 1022 1282 non
1077 1215 1509 1297 inquinantur,
1568 1213 1718 1277 licet
1776 1213 2081 1278 hactenus
2128 1214 2283 1277 satis
2329 1213 2612 1291 dixerim,
2662 1214 2887 1278 addam

633 1322 845 1384 tamen
913 1320 1116 1384 multa
1181 1335 1337 1400 quae
1406 1318 1647 1382 desunt.
1723 1315 1831 1381 sed
1898 1315 2058 1381 illud
2113 1316 2411 1381 admoneo
2470 1317 2683 1380 tamen
2746 1318 2888 1381 ante

634 1439 823 1503 quam
881 1421 1034 1499 dico,
1096 1441 1172 1486 ne
1229 1420 1429 1484 ullum
1490 1418 1738 1502 penitus
1798 1419 2016 1502 culpae
2073 1436 2288 1502 geum,
2336 1418 2498 1501 quod
2541 1420 2618 1484 ad
2667 1421 2960 1483 contu-10

632 1525 886 1589 meliam
933 1526 1033 1589 dei
1077 1526 1366 1609 pertinet,
1417 1524 1711 1606 cuiquam
1755 1523 1894 1588 leue
1942 1541 2074 1587 esse
2119 1523 2422 1589 uideatur.
2484 1523 2538 1587 si
2582 1525 2746 1604 enim
2791 1524 2887 1587 in·

633 1628 899 1692 lustrem
947 1647 1017 1693 ac
1060 1631 1524 1711 praepotentem
1571 1627 1777 1691 uirum
1824 1644 2214 1708 nequaquam
2262 1626 2621 1691 exhonorari
2656 1644 2692 1690 a
2737 1644 2888 1707 quo-

634 1747 822 1811 quam
879 1730 1031 1795 licet
1088 1734 1170 1813 et,
1231 1733 1287 1796 si
1344 1733 1676 1814 quisquam
1722 1730 2212 1807 exhonorauerit‚
2271 1730 2534 1794 decretis
2579 1728 2885 1813 legalibus

633 1851 774 1897 reus
821 1833 1068 1898 sistitur
1112 1838 1173 1898 et
1204 1834 1573 1900 iniuriarum
1603 1837 1821 1899 auctor
1848 1833 1983 1897 iure
2014 1835 2362 1910 damnatur,
2412 1836 2641 1914 quanto
2672 1832 2887 1913 utique

634 1936 887 2000 maioris
954 1936 1187 2019 piaculi
1256 1939 1489 2002 crimen
1554 1939 1647 2001 est
1708 1933 2076 2001 iniuriosum
2140 1935 2496 2018 quempiam
2553 1935 2666 1999 deo
2712 1937 2887 2000 esse?
2909 1960 2959 2002 1⁵

637 2056 876 2120 semper
921 2039 1086 2103 enim
1131 2060 1239 2122 per
1285 2039 1664 2122 dignitatem
1710 2038 2007 2104 iniuriam
2053 2037 2420 2121 perferentis
2451 2037 2670 2103 crescit
2704 2039 2889 2118 culpa

636 2140 941 2223 facientis,
991 2145 1135 2225 quia
1181 2162 1430 2207 necesse
1476 2143 1590 2215 est,
1639 2142 1871 2223 quanto
1917 2142 2116 2206 maior
2149 2145 2245 2206 est
2288 2159 2552 2224 persona
2582 2141 2734 2216 eine,
2784 2140 2891 2222 qui

532 2246 619 2312 54
638 2245 1083 2310 contumeliam
1126 2245 1386 2328 patitur,
1432 2248 1612 2310 tanto
1657 2246 1855 2308 maior
1898 2243 1986 2308 sit
2031 2261 2186 2309 noxa
2230 2244 2379 2322 eiuS‚
2428 2244 2535 2326 qui
2579 2243 2751 2309 facit.
2828 2245 2892 2308 et

635 2348 780 2413 hinc
836 2352 930 2413 est
975 2349 1136 2430 quod
1192 2349 1458 2432 legimus
1503 2352 1568 2437 in
1615 2347 1774 2432 lege,
1836 2347 2027 2412 etiam
2075 2366 2199 2428 eoS,
2261 2347 2369 2430 qui
2413 2347 2707 2412 uidentur
2750 2365 2891 2412 con-

636 2454 739 2518 tra
794 2453 1160 2517 mandatum
1222 2470 1467 2524 sacrum
1526 2451 1692 2518 leuia
1748 2449 1987 2529 fecisse,
2047 2451 2442 2516 seuerissime
2497 2452 2711 2516 tamen
2756 2469 2961 2521 essem

635 2557 913 2639 punitos:
982 2557 1057 2620 ut
1112 2556 1616 2639 intellegeremus
1684 2555 1918 2621 scilicet
1985 2555 2143 2619 nihil
2203 2557 2281 2621 ad
2344 2557 2528 2621 deum
2572 2559 2889 2639 pertinens

636 2660 778 2724 leue
823 2678 952 2723 esse
1000 2659 1372 2737 ducendum,
1420 2661 1567 2741 quia
1613 2660 1805 2724 etiam
1836 2659 1998 2741 quod
2043 2659 2374 2725 uidebatur
2421 2659 2712 2743 exiguum
2758 2678 2890 2724 esse

639 2762 851 2844 culpa,
907 2766 1142 2844 grande
1202 2763 1318 2827 hoc
1374 2763 1649 2828 faciebat
1709 2762 2066 2829 diuinitatis
2123 2764 2369 2829 iniuria.
2447 2763 2709 2846 denique
2764 2763 2891 2829 Oza

636 2865 743 2930 ille
809 2863 1032 2929 leuites
1094 2866 1191 2930 dei
1251 2865 1400 2947 quid
1462 2871 1674 2932 contra
1740 2868 2109 2933 mandatum
2167 2868 2430 2931 caeleste
2489 2867 2658 2943 fecit,
2728 2867 2888 2949 quod

846 3051 909 3103 19
946 3049 1108 3103 Exod.
1143 3051 1208 3105 31
1282 3052 1441 3105 Num.
1479 3052 1549 3106 20
1753 3054 1822 3106 23
1858 3053 1917 3106 II
1955 3054 2082 3121 Reg.
2119 3055 2152 3108 6

739 3221 772 3274 3
809 3222 1221 3290 coruptollarum
1261 3223 1359 3276 alt.
1385 3222 1403 3274 l
1420 3229 1614 3291 punct.
1652 3225 1701 3276 A
1886 3225 1919 3277 5
1948 3231 2076 3292 post
2112 3224 2381 3277 ablatione
2415 3226 2632 3293 siynum
2657 3225 2891 3279 lacunae

628 3308 816 3376 posuit
859 3309 1121 3362 Halmius
1168 3310 1305 3362 ‘cum
1354 3309 1583 3362 uerbum
1631 3309 1859 3377 aliquod
1910 3310 2084 3372 (uelut
2125 3313 2523 3375 conuertamur‚
2570 3309 2892 3363 deducamur

636 3397 760 3464 etc.)
799 3396 979 3449 deesse
1014 3396 1301 3463 appareat’
1339 3400 1391 3449 et
1423 3407 1652 3463 sequens
1687 3412 1963 3464 peccamus
1998 3397 2231 3450 retinuit
2262 3411 2330 3449 ex
2353 3395 2498 3460 AB„
2519 3395 2587 3449 de
2620 3411 2891 3464 peccemus

637 3483 805 3550 (Ttv)
843 3497 1097 3536 monens.-
1134 3483 1246 3535 ‘hoc
1279 3482 1573 3536 membrum
1608 3482 1677 3535 ab
1715 3486 1777 3535 ut
1807 3482 2052 3550 pendere
2080 3498 2191 3536 non
2220 3498 2380 3551 posse
2416 3483 2771 3548 manifestum
2807 3482 2892 3535 ui-

637 3567 844 3634 detur’;
891 3583 992 3621 nos
1026 3568 1089 3621 iu
1126 3567 1424 3621 Sita-Ber.
1454 3584 1514 3636 p.
1554 3571 1626 3621 10
1668 3574 1791 3635 post
1838 3568 2109 3621 ablatione
2156 3567 2417 3622 excidisse
2452 3567 2745 3630 statuimus
2780 3582 2893 3619 mo·

636 3669 853 3706 ueamur
889 3658 940 3706 et
967 3668 1078 3721 pro
1124 3669 1402 3722 peccamus
1448 3653 1799 3707 scribendum
1848 3669 1958 3707 esse
2005 3669 2215 3721 peccare
2252 3669 2561 3722 pergamus3
2613 3669 2742 3706 uam
2778 3668 2892 3720 per-

635 3737 798 3804 gendi
832 3737 1109 3790 notionem
1157 3738 1460 3792 desiderari
1497 3755 1597 3792 nec
1631 3738 1813 3793 deesse
1841 3754 2003 3807 posse
2041 3738 2208 3793 totius
2242 3739 2344 3793 loci
2380 3740 2525 3793 ratio
2554 3738 2758 3807 probat
2798 3738 2890 3806 (cf.

635 3838 772 3890 quae
799 3822 1173 3891 praecedunt:
1226 3823 1875 3878 destiterint—desinant
1923 3830 1974 3877 et
2023 3825 2297 3892 opulentia
2333 3841 2443 3877 esse
2478 3824 2640 3878 desiit
2675 3823 2767 3878 sed
2801 3840 2892 3876 ne-

634 3908 811 3977 quitia
853 3906 1126 3976 perdurat)
1332 3910 1366 3963 8
1411 3909 1824 3978 coinquinantur
1871 3910 1926 3963 B
2130 3911 2163 3963 9
2208 3911 2383 3964 desint
2431 3910 2486 3963 B
2696 3910 2760 3964 14
2808 3928 2892 3965 ex-

635 3992 849 4045 sistitur
886 3992 941 4045 B
1152 3994 1213 4047 16
1249 3994 1564 4062 perferentis
1602 4009 1668 4048 ex
1708 3997 1815 4047 -tes
1853 3996 1906 4046 A
1944 4011 2083 4051 corr.
2118 4012 2186 4048 m.
2223 3998 2262 4048 2
2466 3997 2533 4051 18
2578 3996 2671 4065 sit]
2720 3999 2803 4049 est
2838 3996 2895 4049 A

634 4115 766 4181 fort.
803 4114 868 4167 in
905 4116 1197 4183 archetypo
1232 4116 1285 4167 A
1324 4114 1436 4169 cod.
1471 4115 1588 4181 fuit
1634 4082 1710 4168 seitt
1757 4114 1908 4170 unde
1940 4115 2108 4181 facile
2140 4116 2301 4182 fiebat
2339 4120 2420 4168 est
2450 4132 2555 4183 pro
2592 4119 2665 4169 sit
2702 4121 2758 4170 et

632 4199 703 4252 22
738 4200 975 4269 exigium
1010 4216 1051 4254 s.
1088 4201 1146 4269 gi
1182 4216 1283 4254 scr.
1321 4218 1388 4254 m.
1425 4205 1462 4256 2
1498 4219 1533 4254 u
1570 4203 1623 4254 A
