3380 4919
1053 321 1125 374 de
1161 321 1432 391 gubern.
1468 320 1576 377 dei
1612 322 1659 375 V
1696 324 1726 385 5
1761 321 1984 376 43-49.
2525 322 2644 388 117

395 530 505 578 nos
551 509 803 578 barbari
861 509 1136 591 capiunt,
1199 529 1342 575 cum
1403 509 1627 580 fratres
1680 513 1924 575 nostros
1968 508 2275 577 faciamus
2319 528 2452 575 esse
2497 527 2643 591 oap-

395 614 604 681 tiuos‘?
649 614 739 679 nil
785 629 929 694 ergo
961 613 1192 679 mirum
1223 612 1336 690 est,
1384 614 1546 694 quod
1575 611 1965 679 uastationes
1996 613 2149 681 sunt
2178 612 2366 695 atque
2398 612 2643 677 excidia

396 716 747 783 ciuitatum.
822 717 929 782 diu
974 715 1036 781 id
1080 714 1496 796 plurimorum
1560 715 1952 801 oppressione
2020 714 2498 795 elaborauimus,
2572 716 2642 778 ut

394 818 761 902 captiuando
808 817 963 885 alios
1006 820 1198 891 etiam
1243 817 1364 900 ipsi
1407 817 1824 900 inciperemus
1869 836 2002 884 esse
2035 818 2289 900 captiui.
2335 819 2641 889 sentimus

342 942 377 983 s
393 924 578 1003 enim,
635 922 753 987 etsi
800 922 1038 987 tardius
1083 921 1283 991 multo
1330 938 1519 1004 quam
1564 921 1976 999 merebamur,
2033 919 2342 993 sentimus
2387 920 2642 985 tandem

394 1026 522 1103 illa,
570 1043 725 1108 quae
772 1023 1054 1102 fecimus,
1101 1026 1166 1089 et
1200 1023 1376 1089 iuxta
1405 1041 1753 1090 sermonem
1781 1040 2035 1089 sacrum
2064 1022 2311 1088 labores
2342 1040 2636 1087 manuum

391 1133 758 1194 nostrarum
803 1126 1277 1195 manducamus
1300 1144 1371 1195 ac
1424 1126 1590 1193 iusto
1656 1126 1859 1192 iudice
1928 1126 2043 1192 deo
2114 1125 2417 1193 soluimus
2485 1143 2639 1207 quae

396 1231 708 1297 debemus.
783 1228 1028 1296 miserti
1072 1228 1300 1312 quippe
1345 1229 1595 1295 exulum
1637 1247 1761 1301 non
1804 1247 2037 1306 sumus,
2085 1245 2224 1293 ecce
2270 1227 2391 1311 ipsi
2437 1227 2641 1292 exules
2660 1223 2741 1289 47

393 1351 642 1398 sumus:
712 1332 1069 1415 peregrinos
1133 1332 1349 1401 fraude
1417 1333 1716 1416 cepimue,
1786 1350 1925 1398 ecce
1982 1331 2104 1414 ipsi
2169 1329 2637 1413 peregrinamur

326 1456 378 1498 1ο
393 1437 576 1519 atque
622 1435 1022 1500 fraudamur:
1069 1434 1465 1517 praeiudiciis
1511 1435 1864 1518 temporum
1890 1434 2158 1517 ingenui
2185 1436 2389 1498 status
2434 1432 2641 1499 homi-

393 1555 497 1602 nes
549 1537 1108 1618 ‚circumuenimue,
1180 1555 1321 1603 ecce
1384 1537 1509 1620 ipsi
1572 1555 1769 1621 nuper.
1836 1535 2088 1619 quidem
2149 1535 2217 1599 in
2260 1535 2459 1603 alieno
2507 1535 2638 1599 solo

394 1638 603 1704 uiuere
657 1639 992 1721 coepimus,
1061 1642 1169 1709 sed
1223 1640 1606 1721 praeiudicia
1648 1641 1775 1715 iam
1822 1641 2139 1705 timemus.
2187 1640 2280 1719 et
2324 1655 2358 1701 o
2405 1642 2639 1721 quanta

395 1742 485 1806 est
550 1740 820 1806 infidelis
888 1741 1197 1806 malarum
1264 1743 1572 1806 mentium
1628 1744 1929 1807 caecitas!
1991 1741 2458 1813 damnationem
2499 1759 2639 1824 per-

394 1842 648 1909 ferimus
691 1843 1029 1909 iudicantis
1075 1843 1174 1910 dei
1221 1847 1285 1909 et
1308 1844 1595 1933 ⁴necdum
1638 1862 1750 1909 nos
1796 1844 2186 1929 agnoscimus
2229 1843 2528 1929 iudicari.-
2579 1846 2638 1908 et
2659 1839 2741 1909 48

335 1948 700 2013 amirantur
765 1947 1124 2015 sanctorum
1191 1945 1401 2031 aliqui,
1469 1947 1633 2028 quod
1690 1946 1967 2029 exemplo
2025 1947 2240 2012 nostro
2285 1946 2475 2012 ceteri
2498 1934 2640 2011 'non

397 2050 831 2137 emendentur,
889 2051 996 2133 qui
1064 2049 1224 2115 nihil
1278 2050 1477 2115 adhue
1536 2049 1663 2115 tale
1711 2050 2079 2128 tolerarunt,
2119 2069 2270 2129 ⁸cum
2313 2051 2639 2117 tormentis

395 2156 747 2222 nostrarum
780 2151 1188 2236 iniquitatum
1218 2171 1296 2218 ne
1325 2151 1445 2235 ipsi
1477 2138 1752 2236 quidem„
1782 2152 1890 2236 qui
1918 2152 2045 2218 iam
2080 2172 2117 2219 a
2140 2154 2251 2218 deo
2282 2152 2638 2235 plectimur,

395 2256 790 2341 corrigamur.
867 2273 901 2319 o
946 2254 1301 2338 superbiam
1347 2273 1474 2320 non
1517 2255 1869 2322 ferendam:
1922 2256 2182 2339 plurimi
2226 2273 2451 2338 poenas
2497 2274 2639 2337 pec-

394 2363 669 2428 catorum
734 2377 986 2425 suorum
1052 2360 1391 2442 perferunt,
1462 2361 1525 2423 et
1590 2357 1956 2443 intellegere
2027 2376 2240 2424 causas
2297 2376 2638 2440 poenarum

331 2480 568 2531 aonemo
614 2463 924 2545 dignatur.
1003 2464 1113 2528 sed
1158 2462 1250 2527 est
1295 2480 1479 2528 causa
1539 2462 1812 2541 euidenS,
1871 2480 2027 2545 quae
2073 2463 2242 2552 hanc*
2281 2459 2636 2550 superbiam
2656 2455 2740 2523 49

392 2566 557 2645 facit,
627 2566 870 2632 scilicet
924 2568 1086 2650 quia,
1135 2565 1256 2631 etsi
1302 2566 1513 2648 aliqua
1563 2564 1693 2630 iam
1737 2565 2054 2654 patimur,¹
2104 2565 2379 2631 nondum
2423 2566 2635 2634 tamen

393 2668 667 2750 patimur
711 2688 866 2753 quae
909 2688 1238 2754 meremur.
1313 2670 1498 2734 tanta
1553 2672 1647 2754 est
1694 2668 1861 2744 enim
1905 2668 2342 2735 misericordia·
2374 2668 2493 2745 dei,
2543 2671 2634 2746 ut,

393 2772 509 2842 etsi
574 2790 688 2838 nos
752 2772 893 2858 pati
958 2772 1099 2837 uult
1166 2771 1380 2854 aliqua
1425 2772 1509 2854 de,
1542 2757 1820 2856 piaculis
1877 2772 2126 2856 nostrie,
2196 2772 2359 2836 nolit
2425 2775 2635 2836 tamen

393 2878 613 2940 cuncta
676 2876 970 2941 tolerare:
1038 2874 1190 2957 quia
1255 2876 1522 2964 castigat
1589 2876 1808 2952 maloS,
1878 2895 1998 2941 non
2067 2875 2275 2972 reddit
2339 2876 2510 2941 mala
2573 2877 2644 2942 et
2751 2963 2754 2964 7

321 2995 722 3063 &agnoscere
768 2998 877 3045 nos
922 2980 1174 3061 peccata
1219 2984 1432 3046 nostra
1476 2981 1615 3044 uult
1660 2996 1851 3063 quam
1895 2978 2222 3059 sustinere,
2282 2978 2521 3046 scilicet
2565 2980 2637 3044 ut
2701 2969 2710 2976 ’

393 3085 506 3166 piis
552 3100 625 3148 ac
664 3082 1020 3150 salubribus
1050 3081 1318 3168 flagellis
1351 3083 1644 3172 ostendat
1676 3082 1857 3150 nobis
1889 3099 2045 3165 quae
2076 3080 2236 3147 ferre
2265 3099 2648 3164 mereamur,

393 3186 503 3251 sed
565 3187 778 3251 tamen
843 3204 963 3250 non
1026 3185 1256 3256 inferat
1325 3204 1509 3272 quae
1545 3204 1876 3263 meremur,
1946 3171 2119 3253 iuxta
2183 3184 2342 3252 illud
2400 3183 2637 3249 scilicet

593 3373 627 3426 8
662 3370 808 3427 Psal.
849 3370 963 3454 127,
1000 3372 1034 3424 2

496 3558 522 3611 1
560 3562 679 3613 ὅτι*
713 3557 974 3613 faciamus
1009 3559 1065 3612 A
1097 3557 1195 3613 sed
1228 3574 1366 3613 eras.
1415 3574 1474 3612 os
1517 3556 1697 3614 adhuc
1744 3573 1810 3612 ex
1855 3564 2016 3627 parte
2051 3558 2295 3629 coqnosci
2322 3563 2503 3627 potest
2542 3575 2633 3614 no-

393 3647 531 3700 stroe
565 3661 661 3698 nos
697 3644 956 3698 faciamus
991 3644 1047 3698 Β
1217 3645 1253 3698 4
1287 3644 1642 3713 inciperemus
1666 3659 1734 3697 ex
1756 3644 2100 3713 inciperimus
2124 3644 2179 3699 A
2204 3637 2347 3698 corr.
2371 3641 2439 3697 m,
2465 3647 2496 3698 1

390 3731 425 3785 9
459 3733 722 3800 coepimus
757 3731 812 3785 A
846 3730 1366 3799 item‚10.ingenuii
1411 3737 1461 3786 et
1508 3730 1760 3796 homines·
1795 3746 1930 3788 corr.
1976 3735 2117 3785 m.·1
2152 3746 2218 3800 ex
2264 3729 2500 3786 hominis

386 3816 459 3872 14
497 3818 722 3872 iudicari
767 3832 834 3894 661
877 3816 1109 3871 iudicare
1155 3817 1209 3874 A
1244 3832 1384 3872 corr.
1419 3834 1486 3880 m
1526 3818 1624 3878 2„
1775 3816 2052 3886 15..aliqui
2094 3818 2401 3873 sanctorum
2448 3816 2501 3874 B

392 3902 456 3958 16
499 3903 592 3972 qui
632 3902 797 3972 nihil]
845 3904 940 3971 qui
984 3919 1095 3964 om..
1108 3902 1380 3966 Halmius
1405 3908 1633 3972 puncto
1647 3903 1825 3973 posito
1859 3908 2006 3972 post
2026 3901 2379 3965 emendentur.
2420 3908 2684 3976 secutus--

389 3991 453 4043 ut
484 3988 616 4044 adn
650 3988 783 4043 crit.
806 3988 956 4044 docet
974 3988 1105 4052 meod
1140 3990 1196 4043 A
1231 3988 1637 4057 auctoritatem,
1680 3990 1746 4044 in
1777 4005 1884 4057 quo
1919 4003 2015 4060 696
2050 3987 2271 4058 quidem
2305 3989 2386 4043 bis
2421 3989 2638 4045 conlato

390 4074 482 4141 qui
515 4074 712 4130 inueni
916 4075 983 4130 25
1020 4077 1304 4143 agnoscere
1337 4091 1380 4130 3.
1419 4091 1450 4128 6
1484 4090 1586 4131 scr.
1622 4076 1655 4129 i
1677 4081 1729 4130 et
1762 4091 1859 4129 uos
1876 4091 1932 4133 3.
1950 4091 2052 4131 scr.
2094 4074 2175 4132 bis
2208 4090 2279 4144 m.
2303 4090 2408 4130 rec.
2445 4075 2510 4148 A

390 4160 527 4229 uult]
574 4162 788 4218 mauult
829 4161 885 4214 B
931 4161 1006 4229 cf.
1043 4160 1199 4215 1111
1231 4164 1301 4216 10
1345 4162 1442 4229 qm·
1488 4162 1634 4219 locus
1676 4162 1846 4228 simul
1884 4176 2104 4222 monere
2149 4159 2376 4216 uidetur
2411 4176 2486 4215 ne
2519 4143 2640 4229 post

389 4251 494 4300 nra
527 4247 626 4302 hoe
661 4246 777 4303 loco
812 4262 899 4301 ma
934 4245 1196 4303 excidisse
1225 4251 1387 4316 putes
