3380 4919
1389 363 1689 431 epistola
1731 363 1867 417 IIII.
2630 365 2752 432 207

499 554 661 635 quod
707 553 981 618 dicturus
1028 571 1184 618 sum.
1248 553 1391 635 peto
1438 552 1688 634 quidem
1734 552 2003 635 ueniam,
2052 555 2197 637 quia
2232 554 2599 637 irascemini,
2648 556 2819 622 sed9

498 673 619 721 non
667 674 921 738 possum
983 657 1186 722 dicere
1232 656 1472 721 malum
1519 674 1651 721 esse
1699 657 1864 738 quod
1911 655 2049 721 feci.
2127 657 2277 722 haec
2336 656 2530 741 igitur
2590 658 2754 740 apud

498 777 609 824 uos
654 779 792 825 meo
851 760 1094 825 nomine
1140 761 1203 824 et
1264 760 1441 842 quasi
1501 759 1805 841 peculiari
1865 778 2060 843 prece.
2132 777 2296 824 nunc
2340 763 2431 839 tu,
2480 777 2514 823 o
2561 760 2753 825 dilec-

497 865 746 928 tissima
801 883 873 928 ac
926 863 1464 930 uenerabilissima
1525 882 1715 942 soror,
1777 882 1931 946 quae
1991 862 2146 927 mihi
2208 864 2383 928 tanto
2446 862 2644 928 carior
2690 882 2756 927 es

454 985 682 1050 squam
743 968 935 1050 priuS,
998 969 1226 1051 quanto
1285 969 1428 1051 plus
1485 985 1522 1031 a
1567 967 1698 1032 suis
1760 966 2020 1031 affectus
2079 967 2368 1031 conuenit
2425 965 2626 1050 diligi,
2689 966 2755 1030 in

499 1070 720 1150 quibus
767 1088 834 1135 se
876 1070 1082 1152 ipsum
1128 1071 1414 1138 Christus
1457 1070 1672 1136 fecerit
1715 1070 1936 1148 amari,
1986 1069 2248 1153 fungere
2291 1068 2579 1151 partibus
2627 1070 2753 1133 tuis

499 1172 688 1237 simul
733 1173 1028 1255 meisque.
1093 1194 1197 1239 ora
1240 1176 1311 1239 tu
1356 1175 1427 1240 ut
1472 1193 1585 1257 ego
1630 1174 1955 1257 inpetrem,
2004 1177 2073 1239 tu
2118 1173 2365 1257 postula
2393 1172 2465 1237 ut
2494 1176 2754 1253 uterque

498 1276 843 1342 uincamus.
932 1277 1244 1355 osculare,
1315 1278 1462 1359 quia
1529 1277 1747 1343 absens
1817 1275 2003 1342 labiis
2074 1294 2195 1341 non
2263 1275 2469 1351 uales,
2540 1274 2753 1339 saltim

499 1378 921 1444 obsecratione
986 1382 1172 1461 pedes
1238 1384 1573 1463 parentum
1639 1382 1895 1446 tuorum
1962 1381 2139 1463 quasi
2207 1378 2459 1460 ancilla,
2528 1396 2752 1442 manus

430 1504 480 1543 10
499 1472 672 1562 quasi
731 1483 1004 1563 alumna,
1068 1500 1173 1546 ora
1233 1482 1406 1565 quasi
1468 1480 1620 1547 filia.
1697 1501 1773 1547 ne
1827 1482 2234 1564 trepidaueris
2294 1500 2371 1545 ne
2433 1480 2751 1544 timueris:
2779 1478 2862 1544 10

498 1582 690 1647 bonos
736 1584 968 1648 iudices
1014 1585 1336 1661 habemus,
1385 1583 1644 1648 affectus
1689 1584 1825 1666 ipse
1871 1602 1980 1664 pro
2027 1587 2091 1648 te
2137 1586 2292 1663 orat,
2341 1584 2571 1647 natura
2615 1582 2754 1663 ipsa

496 1685 616 1750 tibi
661 1688 956 1769 postulat,
1005 1686 1305 1770 suffragia
1351 1704 1571 1750 causae
1615 1687 1762 1750 tuae
1808 1685 1872 1750 in
1904 1687 2155 1752 tuorum
2187 1685 2505 1750 mentibus
2538 1686 2751 1770 habes,

498 1789 621 1853 cito
669 1792 951 1854 adnuunt
999 1791 1104 1871 qui
1151 1808 1260 1853 suo
1306 1788 1426 1871 ipsi
1471 1806 1679 1853 amore
1732 1792 2127 1870 superantur.
2204 1792 2455 1854 obsecra
2499 1805 2643 1872 ergo
2690 1791 2755 1852 et

498 1893 755 1974 supplex
801 1892 1022 1957 dicito:
1083 1894 1232 1976 quid
1288 1893 1403 1958 feci
1461 1892 1611 1974 quid
1658 1894 2047 1958 commerui?
2104 1892 2412 1978 ignoscite
2458 1892 2752 1976 quicquid

430 1994 656 2059 15illud
718 1997 830 2070 est,
891 1996 1137 2059 ueniam
1197 1997 1356 2079 peto,
1415 1996 1534 2061 etsi
1581 1997 1879 2061 delictum
1927 1996 2150 2061 nescio.
2230 2013 2575 2077 numquam
2619 2015 2750 2075 uos,
2775 1992 2853 2056 11

498 2100 569 2163 ut
612 2097 732 2181 ipsi
779 2098 975 2177 scitis,
1020 2098 1482 2164 inofficiositate
1527 2101 1637 2163 aut
1683 2101 2068 2164 contumacia
2110 2099 2357 2180 offendi,
2406 2117 2753 2180 numquam

496 2201 684 2266 uerbo
733 2202 1042 2282 asperiore
1086 2202 1258 2279 laesi,
1321 2220 1664 2282 numquam
1722 2202 1909 2266 uultu
1952 2202 2334 2282 proteruiore
2380 2200 2637 2265 uiolaui.
2715 2219 2753 2265 a

495 2302 675 2368 uobis
721 2322 862 2368 sum
908 2305 1040 2368 uiro
1085 2305 1334 2381 tradita,
1386 2323 1423 2368 a
1467 2303 1642 2368 uobis
1688 2303 1936 2386 coniugi
1984 2304 2358 2385 mancipata.
2435 2305 2634 2384 teneo,
2683 2302 2752 2367 ni

495 2398 699 2488 fallor,
769 2411 1061 2474 mandata
1125 2408 1353 2490 uestra,
1421 2407 1634 2471 haeret
1703 2405 1985 2471 sensibus
2043 2405 2200 2471 meis
2261 2408 2548 2471 sanctum
2609 2406 2751 2489 piae

429 2511 948 2593 mpraeceptionis
1007 2529 1320 2577 arcanum.
1398 2511 1771 2594 morigeram
1814 2529 1936 2588 me,
1995 2515 2066 2574 ut
2112 2511 2283 2592 puto,
2350 2512 2495 2574 ante
2542 2510 2751 2574 omnia

497 2618 628 2679 uiro
691 2635 820 2680 esse
880 2614 1164 2680 iussistis.
1252 2614 1494 2678 uestrae
1554 2613 1866 2677 uoluntati
1941 2612 2237 2678 obsecuta
2308 2631 2449 2677 sum
2514 2616 2750 2679 uestrae

494 2719 758 2783 iussioni
815 2718 1270 2799 obtemperaui:
1333 2716 1430 2781 illi
1492 2715 1559 2780 in
1619 2716 1908 2781 omnibus
1969 2716 2165 2799 parui,
2229 2718 2326 2781 cui
2372 2735 2471 2780 me
2532 2735 2749 2797 parere

495 2822 808 2886 uoluistis.
872 2822 1170 2886 inuitauit
1212 2838 1311 2884 me
1364 2820 1444 2884 ad
1490 2819 1861 2903 religionem
1905 2820 2205 2884 inuitauit
2249 2823 2326 2885 ad
2373 2821 2749 2885 castitatem.
2772 2816 2858 2881 12

496 2926 638 2990 date
683 2924 949 2999 ueniam,
997 2925 1178 3005 turpe
1226 2922 1458 2987 credidi
1504 2924 1833 3007 reluctari3
1894 2941 1992 2987 res
2049 2924 2202 2988 mihi
2258 2926 2605 2988 uerecunda
2651 2942 2748 2987 res

425 3051 477 3091 25
493 3028 731 3109 pudens
777 3046 875 3092 res
920 3031 1136 3092 sancta
1178 3028 1314 3092 uisa
1357 3029 1471 3090 est.
1521 3028 1738 3103 fateor,
1786 3047 1929 3093 cum
1962 3030 2037 3091 de
2071 3028 2190 3092 tali
2219 3029 2469 3109 negotio
2503 3046 2749 3092 mecum

495 3131 724 3214 ageret,
794 3130 1013 3196 erubui
1081 3130 1242 3213 quod
1308 3148 1431 3195 non
1493 3146 1605 3213 ego
1667 3131 1814 3194 ante
1877 3130 2233 3212 coepissem.
2310 3132 2431 3195 huc
2487 3131 2750 3195 accessit

494 3234 683 3298 etiam
728 3234 1077 3298 reuerentia
1108 3232 1347 3298 Christi
1381 3236 1444 3297 et
1491 3232 1778 3297 affectus:
1826 3234 2082 3298 honeste
2126 3253 2227 3297 me
2272 3235 2470 3298 facere
2516 3233 2747 3298 credidi

494 3338 785 3419 quicquid
853 3337 953 3401 dei
1020 3354 1229 3401 amore
1295 3336 1594 3400 fecissem.
1674 3336 1976 3400 aduoluor
2043 3339 2288 3424 uestris,
2359 3356 2391 3401 o
2453 3340 2747 3419 parentes
2770 3338 2857 3404 13

493 3439 830 3515 carissimi,
900 3442 1156 3521 pedibus
1217 3441 1328 3505 illa
1395 3459 1506 3524 ego
1575 3445 1786 3505 uestra
1844 3440 2161 3519 Palladia,
2233 3442 2441 3506 uestra
2493 3440 2786 3523 gracula·

422 3543 702 3607 30118813ϊᾶ
760 3543 1074 3621 domnula,
1134 3562 1274 3608 cum
1335 3563 1457 3627 qua
1515 3544 1610 3607 his
1655 3546 1752 3609 tot
1798 3544 2119 3609 uocabulis
2179 3543 2486 3625 quondam
2537 3544 2746 3608 indul-

493 3647 864 3729 gentissima
908 3649 1141 3728 pietate
1189 3648 1452 3724 lusistiS‚
1500 3667 1657 3731 quae
1703 3647 1880 3712 uobis
1920 3668 2029 3729 per
2061 3649 2237 3713 uaria
2280 3646 2535 3711 nomina
2583 3664 2747 3710 nunc

490 3748 611 3815 fuit
656 3753 857 3815 mater
900 3770 1063 3816 nunc
1103 3749 1350 3816 anicula
1398 3770 1560 3817 nunc
1591 3750 1859 3829 domina,
1906 3770 2049 3816 cum
2081 3755 2242 3816 esset
2280 3749 2520 3816 scilicet
2551 3769 2745 3813 unum

490 3855 865 3918 uocabulum
920 3854 1158 3934 generis
1222 3854 1737 3919 aliudinfantiae
1783 3855 2041 3918 tertium
2087 3853 2433 3936 dignitatis.
2511 3873 2587 3917 en
2632 3870 2748 3935 ego

489 3957 600 4022 illa
658 3975 818 4034 sum,
880 3976 987 4038 per
1035 3976 1220 4039 quam
1266 3958 1441 4022 uobis
1493 3959 1603 4022 illa
1661 3957 1936 4038 primum
1983 3966 2045 4021 et
2101 3959 2427 4038 parentum
2490 3957 2747 4021 nomina

593 4131 619 4182 1
658 4128 960 4183 irascemini
991 4129 1037 4183 Ο
1077 4129 1370 4182 irascimini
1395 4146 1516 4185 cum
1542 4129 1663 4183 edd.
1692 4128 1953 4183 Halmius
2150 4129 2213 4181 11
2248 4127 2532 4182 habeamus
2567 4128 2612 4182 0

488 4214 706 4268 affectus
742 4230 809 4269 em
850 4215 1068 4268 affectos
1112 4215 1157 4269 0
1196 4231 1264 4269 m.
1300 4218 1340 4269 2
1547 4217 1767 4267 natura*
1821 4214 1866 4269 Ο
2072 4214 2137 4268 16
2184 4215 2513 4269 contumatia
2568 4214 2613 4269 0

487 4301 551 4354 21
591 4305 687 4355 usa¹
723 4304 874 4369 (post
911 4301 1165 4367 iussistis)
1210 4301 1257 4356 Ο
1458 4302 1525 4356 29
1561 4302 1793 4371 gragula
1837 4300 1882 4355 Ο
2085 4302 2153 4355 32
2187 4301 2269 4355 fui
2303 4302 2576 4356 Baluzius
