3380 4919
1185 317 1263 370 ad
1298 317 1664 372 ecclesiam
1709 317 1799 373 111
1836 321 1865 383 9
1900 318 2123 374 81-86,
2627 320 2754 387 297

493 525 703 573 secum
763 508 1077 589 auferunt,
1139 525 1254 573 nec
1312 508 1651 591 quidquam
1703 508 1885 573 homo
1930 512 2179 575 omnino
2223 509 2450 576 habere
2495 512 2748 593 poterit,

493 611 600 694 qui
644 631 711 677 se
754 612 965 694 ipsum
1024 613 1248 678 damno
1306 612 1552 678 animae
1609 612 1931 696 pereuntis
1991 612 2262 678 amittat.
2346 618 2477 679 aut
2530 616 2754 697 quid,

493 719 716 799 inquit,
777 717 996 782 homo
1057 717 1762 781 commutationem
1815 715 2036 782 dabit
2078 733 2213 799 pro
2260 717 2516 782 anima
2560 721 2754 783 sua?

495 819 610 884 hoc
678 820 775 884 est
841 819 1071 884 dicere:
1139 836 1262 883 non
1321 820 1632 901 respicias,
1704 836 1737 882 o
1794 818 1996 894 homo,
2062 820 2389 901 pecuniam
2439 838 2561 885 non
2606 838 2752 902 pos-

450 924 853 997 ssessionem‚
915 941 1026 987 nec
1089 922 1338 987 dubites
1398 921 1611 987 saltim
1667 923 1938 986 moriens
1982 938 2093 1005 pro
2140 941 2249 1004 spe
2293 926 2403 987 tua
2448 926 2751 1005 quantum

493 1028 670 1108 potes
715 1027 806 1091 rei
850 1030 994 1091 tuae
1039 1043 1110 1090 ac
1155 1025 1476 1091 facultatis
1522 1024 1757 1090 offerre.
1823 1024 2282 1108 quidquidlibet
2313 1025 2480 1091 enim
2510 1026 2751 1092 dederis

492 1148 602 1212 pro
660 1130 725 1194 te
784 1129 910 1194 uile
971 1133 1085 1207 est,
1155 1129 1459 1211 quidquid
1516 1147 1626 1211 pro
1670 1132 1735 1193 te
1781 1129 2080 1195 obtuleris
2145 1128 2328 1213 parui
2395 1128 2585 1211 pretii
2630 1132 2749 1208 est,

495 1233 642 1316 quia
685 1234 893 1298 anima
936 1234 1049 1298 tua
1093 1236 1156 1298 in
1200 1233 1478 1298 omnium
1524 1252 1734 1297 rerum
1781 1234 1879 1297 est
1922 1233 2358 1315 conparatione
2405 1231 2749 1315 pretiosior.

495 1338 561 1402 et
604 1336 739 1402 ideo
785 1335 949 1400 nihil
994 1334 1245 1400 dubites
1291 1352 1404 1417 pro
1448 1336 1510 1399 te
1555 1336 1723 1414 dare,
1771 1335 1934 1417 quia,
1981 1335 2035 1400 si
2079 1340 2144 1401 te
2189 1336 2492 1417 amiseris,
2539 1337 2749 1401 omnia

423 1460 476 1500 10
494 1439 559 1505 in
602 1442 666 1504 te
710 1440 954 1523 perdis:
1012 1439 1065 1503 si
1111 1442 1323 1504 autem
1366 1442 1429 1503 te
1487 1437 1889 1517 lucrifeceriS,
1954 1442 2160 1503 tecum
2206 1443 2271 1503 et
2316 1437 2384 1502 in
2428 1439 2493 1502 te
2539 1437 2750 1503 omnia

493 1543 859 1629 possidebis.

579 1663 853 1730 XVIIII.
903 1662 1063 1729 Cum
1108 1663 1260 1728 haec
1302 1682 1451 1747 ergo
1495 1663 1614 1728 tibi
1658 1663 1784 1728 iam
1831 1662 2142 1740 morienti,
2188 1683 2222 1728 o
2253 1663 2436 1728 homo
2470 1662 2751 1747 quisquis
2769 1663 2855 1729 85

494 1787 578 1845 es,
638 1767 924 1832 deminus
983 1771 1127 1832 tuus
1187 1768 1434 1844 clamet,
1495 1771 1567 1831 tu
1624 1769 1902 1832 mentem
1962 1768 2215 1833 obturas
2258 1775 2330 1831 tu
2376 1784 2593 1831 aurem
2636 1767 2747 1830 ob-

494 1871 686 1934 struis
732 1872 798 1934 et
840 1869 1020 1936 nudis
1066 1870 1451 1935 sermonibus
1507 1869 1697 1935 fidem
1743 1871 2032 1935 adserens
2076 1869 2360 1935 sufficere
2405 1870 2522 1937 tibi
2566 1871 2750 1954 putas

424 1995 475 2035 ιε,
493 1977 682 2041 uerba
736 1994 847 2059 pro
893 1973 1080 2039 rebus
1125 1994 1197 2040 ac-
1240 1976 1393 2040 satis
1441 1976 1505 2041 te
1548 1976 1801 2039 firmum
1856 1975 2153 2039 aestimas
2199 1973 2587 2039 credulitatis
2634 1973 2751 2038 ha-

492 2079 638 2143 bere
705 2077 1078 2156 subsidium,
1145 2081 1197 2144 si
1243 2079 1448 2158 deum,
1516 2098 1701 2161 quem
1768 2077 1952 2143 rebus
2022 2079 2210 2160 atque
2281 2080 2566 2160 operibus
2623 2076 2752 2142 tuis

493 2181 791 2266 despicis,
860 2182 1069 2247 uerbis
1131 2182 1533 2247 mendacibus
1594 2182 1896 2247 honorare
1957 2183 2240 2246 uidearis.
2317 2180 2482 2263 fili,
2542 2179 2750 2261 inquit

494 2285 807 2368 scriptura
834 2289 1067 2361 sancta,
1113 2284 1180 2349 si
1224 2284 1501 2361 habeS‚
1548 2282 1876 2348 benefac
1922 2288 2174 2348 tecum
2220 2287 2294 2347 et
2339 2283 2470 2348 deo
2517 2282 2751 2347 bonas

495 2387 952 2454 oblationes
1019 2387 1243 2453 offer.
1318 2387 1382 2451 et
1447 2385 1601 2453 alibi
1668 2367 2081 2466 miserere,
2150 2385 2376 2469 inquit,
2445 2383 2856 2450 animaessss

424 2492 693 2558 notuae.
770 2493 912 2557 uide
957 2510 1144 2575 quam
1189 2492 1539 2557 misericors
1577 2491 1664 2555 sit
1699 2490 1983 2556 dominus
2012 2493 2163 2556 deus
2207 2493 2439 2569 noster,
2483 2491 2588 2573 qui
2637 2506 2750 2554 nos

493 2597 661 2679 ipsos
704 2615 813 2678 pro
858 2595 1036 2661 nobis
1083 2594 1575 2660 misericordiam
1620 2596 1825 2677 rogat:
1872 2595 2273 2670 miserere,
2322 2592 2547 2676 inquit,
2593 2594 2751 2659 ani-

493 2718 660 2764 mae
719 2700 921 2765 tuae.
994 2699 1109 2762 hoc
1154 2699 1248 2762 est
1289 2698 1522 2763 dicere:
1582 2698 1877 2762 miserere
1936 2697 2128 2761 etiam
2186 2696 2257 2760 tu
2315 2696 2510 2773 illius,
2573 2695 2750 2761 cuius
2835 2705 2840 2714 ·

494 2802 669 2869 uides
725 2802 1122 2868 miseratione
1183 2821 1283 2866 me
1344 2800 1571 2886 frangi,
1644 2801 1936 2866 miserere
1993 2800 2169 2866 illius
2226 2799 2502 2876 tandem,
2567 2797 2744 2863 cuius

492 2905 783 2971 misereor
839 2923 949 2989 ego
1009 2923 1271 2988 semper,
1331 2905 1624 2970 miserere
1682 2908 1755 2969 tu
1811 2904 2056 2971 animae
2111 2903 2327 2969 saltim
2373 2905 2538 2980 tuae,
2603 2919 2748 2967 cum

422 3028 477 3070 25
495 3007 776 3074 misereri
818 3029 919 3074 me
965 3027 1180 3074 cernas
1239 3009 1497 3074 alienae.
1573 3012 1635 3073 et
1683 3008 1830 3090 quid
1883 3011 2025 3090 post
2083 3008 2255 3083 haec,
2318 3025 2353 3071 o
2398 3003 2746 3071 miserrime

495 3110 702 3190 home,
748 3130 892 3178 cum
936 3114 1085 3179 deus
1130 3111 1221 3178 sic
1266 3116 1477 3178 tecum
1522 3113 1686 3194 agat,
1735 3129 1860 3175 non
1904 3109 2293 3194 adquiescis?
2349 3109 2529 3191 rogat
2571 3111 2634 3173 te
2678 3108 2751 3173 ut

496 3214 590 3280 tui
636 3216 1006 3293 miserearis,
1064 3220 1128 3281 et
1173 3233 1297 3280 non
1342 3215 1486 3279 uis?
1554 3232 1805 3280 causam
1868 3215 2041 3278 tuam
2086 3213 2251 3294 apud
2297 3214 2360 3276 te
2404 3213 2557 3296 agit,
2605 3212 2669 3275 et
2713 3230 2750 3277 a

703 3400 766 3453 17
807 3399 1006 3455 Eccles.
1043 3401 1125 3465 14,
1163 3401 1228 3454 11
1439 3399 1504 3454 19
1540 3398 1738 3453 Eccles.
1774 3397 1858 3463 30,
1896 3398 1965 3452 24

600 3573 627 3625 1
667 3570 948 3641 quicquam
986 3571 1040 3624 A
1228 3571 1263 3624 3
1299 3567 1486 3637 inquid
1521 3568 1576 3621 Β
1772 3567 1807 3620 8
1841 3570 1923 3620 est
1960 3582 2059 3621 om.
2097 3567 2369 3622 Baluzius
2560 3566 2626 3620 13
2661 3567 2756 3620 ob·

492 3659 646 3710 taras
691 3672 815 3710 cum
860 3656 1229 3711 Rittershusio
1273 3655 1558 3709 Halmius:
1612 3653 1843 3706 obduras
1890 3652 2023 3716 AB3
2081 3651 2526 3707 ‘emendationem
2570 3666 2753 3707 neces-

490 3742 699 3797 sariam
735 3757 845 3796 esse
881 3742 1033 3797 docet
1066 3744 1400 3796 contrarium
1433 3756 1618 3795 aurem
1653 3739 1903 3793 obstruis'
1937 3738 2199 3792 Halmius
2375 3739 2437 3793 17
2474 3739 2652 3808 inquit
2686 3754 2754 3793 ex

493 3828 683 3897 inquid
717 3844 858 3884 corr.
894 3846 962 3884 m.
998 3831 1040 3883 2
1082 3829 1137 3883 Β
1184 3829 1312 3883 item
1344 3829 1513 3896 paulo
1540 3832 1668 3896 post
1873 3826 1944 3880 20
1982 3832 2106 3895 post
2143 3825 2266 3880 uide
2302 3824 2432 3880 add.
2461 3841 2506 3895 p
2543 3833 2596 3881 et
2631 3827 2755 3883 edd.

487 3919 624 3969 ant-e
658 3915 975 3969 Halmium:
1028 3916 1282 3983 pietatem
1319 3930 1448 3984 erga
1482 3916 1537 3967 te
1572 3909 1775 3967 domini
1810 3912 1984 3965 nostri
2021 3911 2143 3965 uide
2353 3910 2480 3966 deus
2518 3929 2623 3966 non
2658 3913 2756 3984 qui

490 4015 596 4053 non
635 3999 778 4069 ipsos
815 3999 869 4054 Β
1071 4000 1136 4054 21
1176 3999 1368 4069 inquid
1405 4000 1460 4054 Β
1664 3998 1734 4051 22
1770 3998 1916 4052 illius
1953 4014 2020 4052 ex
2053 3997 2169 4052 illis
2204 4012 2344 4053 corr.
2368 4014 2438 4052 m.
2461 4001 2503 4053 2
2535 3999 2590 4052 A
2626 3999 2756 4054 item

486 4086 677 4140 statim
702 4083 860 4140 'uides
896 4101 964 4139 ex
997 4084 1139 4139 nidis
1174 4088 1319 4154 (cum
1354 4084 1430 4153 Β)
1476 4091 1528 4140 et
1572 4085 1765 4139 saltem
1800 4100 1869 4138 ex
1905 4083 2087 4137 saltim
2294 4084 2361 4139 23
2408 4084 2755 4140 miseratione

490 4171 709 4241 efrangi
755 4172 810 4226 Β
855 4177 907 4226 et
939 4173 1128 4227 statim
1159 4172 1309 4226 illius
1516 4173 1582 4226 27
1629 4177 1748 4239 post
1796 4171 1916 4240 agit
1961 4169 2091 4225 add.
2117 4187 2163 4239 p
2200 4176 2250 4225 et
2287 4170 2408 4225 edd.
2444 4178 2574 4226 ante
2609 4172 2754 4226 Hal-

490 4260 695 4313 mium.-
748 4261 804 4311 et
838 4274 870 4310 a
903 4259 958 4311 te
993 4273 1097 4311 non
1133 4257 1486 4312 admittitur?
1537 4257 1796 4326 dignatur
1831 4260 1887 4311 te
1923 4272 2018 4326 pro
2053 4260 2108 4311 te
2143 4259 2319 4327 petere
