3380 4919
1082 328 1160 382 ad
1196 328 1549 383 eeclesiam
1592 329 1684 383 III
1722 333 1753 394 ξ
1793 329 2010 385 10-17,
2550 334 2678 400 273

419 538 596 587 mens
642 520 821 603 larga
864 520 993 586 nisi
1036 521 1426 603 paenitentia
1471 519 1791 585 fructuosa
1821 520 1884 585 et
1921 518 2344 602 eleemosynae
2390 521 2675 602 copiosae

424 624 601 706 quasi
659 641 880 697 manus
938 623 1207 706 ualidae,
1268 623 1376 688 ubi
1419 623 1686 705 denique
1740 639 1850 703 pro
1897 620 2263 691 diuersitate
2305 623 2678 691 meritorum

420 728 531 794 aut
583 747 900 793 summum
965 728 1198 793 bonum
1255 727 1536 792 inuenies
1594 728 1707 790 aut
1751 744 2070 792 summum
2115 727 2372 804 malum,
2419 729 2530 791 aut
2573 726 2677 793 in-

422 832 686 897 mortale
730 832 1075 912 praemium
1124 832 1236 899 aut
1279 830 1411 895 sine
1454 830 1575 897 fine
1624 831 2029 896 tormentum.
2089 832 2152 895 et
2194 831 2266 895 tu
2297 832 2373 895 de
2403 831 2680 915 loeuple—
2702 829 2786 895 14

374 935 630 999 standis
676 934 1169 1017 quibuscumque
1213 934 1543 1000 heredibus
1589 933 1718 999 tuis
1777 932 2031 1015 cogitas,
2092 933 2170 999 de
2215 933 2439 1017 opibus
2481 952 2681 1018 agna·-

421 1040 629 1105 torum
698 1038 1228 1119 cognatorumque
1289 1038 1595 1119 suspiras,
1667 1054 1856 1118 quem
1925 1037 2322 1119 potissimum
2388 1037 2679 1104 ditiorem

420 1140 797 1223 patrimonio
840 1142 947 1205 tuo
994 1141 1204 1223 facias,
1253 1142 1354 1206 eui
1385 1139 1803 1223 supellectilis
1833 1140 2045 1206 uariae
2088 1142 2453 1207 ornamenta
2504 1142 2675 1207 tran-

423 1243 676 1323 scribae,
737 1243 914 1311 ouius
967 1244 1293 1326 apothecas
1342 1243 1532 1326 sepiis
1577 1244 1703 1308 tuis
1747 1242 2014 1325 repleas,
2062 1243 2163 1309 eui
2208 1245 2504 1311 maiorem
2548 1262 2679 1310 ser-

421 1364 645 1412 uorum
702 1365 1032 1412 numerum
1092 1346 1508 1429 derelinquas.
1583 1345 2012 1413 infelicissime
2065 1348 2346 1413 omnium
2363 1396 2379 1429 ,
2444 1349 2680 1430 cogitas

350 1467 611 1531 mquam
667 1451 822 1517 bene
882 1448 994 1514 alii
1048 1450 1189 1530 post
1232 1449 1297 1514 te
1340 1448 1580 1526 uiuant,
1645 1465 1772 1516 non
1818 1449 2056 1533 cogitas
2103 1468 2294 1530 quam
2333 1451 2502 1516 male
2543 1451 2681 1534 ipse

418 1553 729 1619 moriaris».
801 1554 901 1618 dio
957 1554 1131 1636 mihi,
1191 1571 1433 1634 quaeso,
1489 1571 1524 1617 o
1568 1552 1758 1622 miser
1816 1571 1852 1617 o
1896 1553 2194 1619 infidelis!
2255 1572 2402 1620 eum
2458 1554 2679 1620 multis
2702 1552 2782 1617 15

419 1655 871 1737 patrimonium
913 1656 1095 1720 tuum
1141 1656 1407 1733 diffidas,
1455 1675 1596 1720 eum
1628 1656 1869 1722 multos
1897 1654 2302 1721 facultatibus
2334 1658 2461 1723 tuis
2494 1657 2678 1734 dites,

420 1759 725 1841 numquid
786 1758 862 1823 de
922 1758 1054 1825 solo
1097 1759 1163 1825 te
1208 1777 1270 1823 es
1315 1763 1446 1823 tam
1509 1758 1673 1828 male
1734 1758 2017 1835 metitus,
2080 1759 2150 1822 ut
2194 1758 2317 1825 tibi
2359 1778 2471 1827 nee
2515 1760 2681 1828 inter

422 1862 741 1929 extraneos
773 1863 980 1930 locum
1011 1861 1201 1929 facias
1234 1861 1528 1932 heredis?
1559 1880 1698 1928 eece
1721 1866 2007 1943 expectat
2032 1862 2252 1929 teiam
2283 1881 2682 1947 egressurum

352 1985 403 2027 ιε
421 1967 499 2031 de
541 1964 682 2030 uita
721 1967 852 2032 ista
891 1965 1167 2034 efficium
1210 1965 1547 2035 tribunalis
1584 1966 1764 2046 sauri,
1811 1969 2140 2047 expectant
2170 1968 2436 2032 tortores
2469 1970 2682 2050 angeli

423 2071 488 2135 et
531 2070 961 2138 inmortalium
1008 2070 1461 2137 tormentorum
1503 2069 1814 2136 terribiles
1858 2069 2156 2147 ministri,
2212 2074 2277 2135 et
2321 2072 2393 2135 tu
2438 2071 2681 2139 futuras

420 2176 563 2256 post
626 2174 691 2240 te
750 2172 1044 2239 heredum
1105 2173 1526 2241 mundialium
1585 2173 1940 2255 uoluptates
1998 2175 2204 2241 animo
2265 2175 2547 2252 uolutae,
2608 2179 2681 2241 tu

423 2276 677 2343 delicias
721 2277 985 2342 aliorum
1026 2278 1236 2344 mente
1281 2277 1663 2357 pertractas:
1712 2294 1901 2357 quam
1944 2275 2108 2343 bene
2148 2276 2387 2341 seilicet
2432 2280 2571 2358 post
2618 2280 2680 2343 te

424 2379 600 2445 heres
661 2383 807 2446 tuus
871 2380 948 2446 de
1009 2379 1116 2443 tuo
1175 2381 1493 2463 prandeat,
1556 2378 1783 2461 quibus
1836 2379 2032 2461 oopiis
2073 2383 2363 2445 uentrem
2408 2381 2676 2464 expleat,

349 2484 728 2566 aequomodo
786 2502 983 2565 usque
1039 2484 1118 2547 ad
1176 2501 1473 2550 nauseam
1528 2482 1981 2550 redundantem
2037 2483 2282 2550 uiscera
2329 2485 2680 2551 exsaturata

421 2587 753 2654 distendat.
822 2586 1256 2655 infelicissime
1301 2586 1598 2670 emnium,
1646 2587 1796 2669 quid
1841 2586 1958 2652 tibi
1995 2588 2094 2651 est
2133 2606 2277 2653 oum
2325 2589 2421 2655 his
2475 2588 2677 2655 neniis
2703 2583 2786 2652 16

421 2690 572 2773 quid
633 2692 748 2757 tibi
805 2709 947 2757 eum
1006 2690 1105 2755 his
1153 2690 1596 2768 deliramentiS,
1645 2689 1795 2771 quid
1839 2709 1981 2756 eum
2025 2690 2305 2756 stultitia
2349 2692 2533 2759 huius
2580 2711 2679 2757 er·-

420 2794 577 2859 roris
634 2794 785 2877 quid
846 2813 986 2858 eum
1030 2792 1379 2877 perditione
1421 2794 1606 2859 istius
1654 2793 1999 2860 uanitatis?
2073 2795 2373 2877 numquid
2430 2814 2683 2861 sueeur·

421 2916 554 2961 rere
602 2897 715 2962 hoe
761 2896 880 2961 tibi
923 2898 1088 2962 inter
1134 2896 1444 2979 supplicia
1472 2915 1719 2966 summa
1764 2897 2013 2979 poterit,
2060 2897 2115 2963 si
2145 2898 2218 2974 is,
2265 2899 2501 2980 quires
2535 2904 2679 2965 tuas

351 2999 678 3082 &prodige
724 3000 1016 3080 eomedit,
1061 3001 1271 3065 lautus
1318 3001 1380 3064 et
1424 3018 1687 3082 pransus
1733 3003 1888 3067 bene
1932 3001 2278 3070 eructarit?

505 3120 660 3186 IIII.
707 3120 824 3186 Sed
857 3122 934 3186 de
962 3120 1079 3201 his,
1129 3122 1293 3186 unde
1335 3140 1500 3185 nuno
1545 3120 1879 3202 loquimur,
1929 3121 1984 3185 si
2029 3139 2125 3186 res
2170 3140 2242 3187 ae
2274 3124 2431 3190 ratio
2460 3123 2678 3204 postu·
2707 3124 2782 3190 17

422 3222 725 3307 lauerint‚
801 3225 993 3290 etiam
1070 3226 1211 3306 post
1284 3223 1440 3288 haee
1512 3224 1724 3308 aliqua
1796 3224 2156 3290 subdemus,
2232 3225 2485 3289 interim
2561 3226 2681 3292 hoe

530 3495 556 3549 1
607 3496 941 3565 elemosynae
976 3496 1032 3549 A
1084 3495 1234 3550 elem.
1273 3496 1326 3551 B
1534 3497 1567 3550 6
1613 3499 1975 3568 cognatorum.
2031 3499 2142 3565 Que
2180 3503 2241 3566 (8.
2279 3515 2383 3556 scr.
2418 3517 2487 3554 m.
2523 3502 2564 3553 2
2600 3499 2680 3568 id)

423 3597 567 3649 susp.
607 3581 662 3634 Β
842 3582 872 3635 7
903 3587 1033 3649 post
1068 3581 1232 3635 facias
1254 3582 1320 3635 in
1354 3582 1410 3635 A
1445 3597 1582 3636 eras.
1608 3582 1858 3636 ditiorem
1884 3584 2148 3639 iteratum
2326 3585 2680 3639 transscribas

421 3667 509 3721 hic
545 3668 601 3721 A
796 3668 858 3720 11
884 3667 1133 3721 infedelis
1159 3684 1226 3721 ex
1250 3667 1589 3723 infidelitatis
1613 3684 1755 3723 corr.
1781 3687 1848 3724 m.
1873 3674 1910 3725 2
1947 3672 2002 3725 B
2023 3672 2153 3725 item
2174 3672 2363 3726 statim
2389 3674 2587 3727 multos
2613 3688 2681 3727 ex

423 3753 614 3809 multis
655 3756 807 3822 (post
842 3756 989 3821 eum)
1201 3753 1267 3808 13
1301 3769 1432 3810 num
1465 3770 1506 3812 s.
1543 3770 1647 3812 scr.
1680 3772 1754 3814 m,
1787 3758 1828 3812 2
1862 3756 1990 3825 quid
2025 3757 2081 3815 A,
2287 3758 2353 3818 15
2381 3765 2510 3830 post
2544 3759 2684 3813 sacri

420 3854 462 3897 s.
504 3839 539 3892 l.
575 3857 644 3894 m.
680 3842 719 3894 2
756 3842 813 3895 et
849 3839 904 3897 B
1111 3838 1179 3892 16
1214 3839 1475 3896 terribilis
1510 3841 1565 3898 A
1601 3847 1653 3894 et
1688 3857 1828 3900 corr.
1863 3842 1928 3896 in
1963 3841 2072 3898 -les
2106 3842 2161 3895 Β
2363 3845 2430 3900 18
2464 3843 2684 3900 delicias

424 3941 494 3980 ex
527 3925 623 3982 dil.
661 3941 802 3982 corr.
837 3942 907 3979 m.
942 3928 983 3980 2
1028 3927 1083 3983 A
1288 3925 1353 3982 21
1402 3925 1755 3985 infilicissime
1798 3928 1854 3981 A
2059 3927 2238 3986 neniis
2281 3928 2420 3987 AB=
2477 3931 2685 3990 naeniis

423 4027 468 4066 c.
504 4011 625 4067 edd.
664 4012 930 4069 Halmius
1135 4011 1203 4067 22
1238 4011 1605 4068 deliramentis
1641 4029 1712 4070 em
1747 4012 1889 4069 dilir.
1926 4028 2061 4067 corr.
2100 4028 2168 4068 m.
2207 4016 2248 4067 2
2283 4014 2368 4082 A,
2417 4031 2490 4070 em
2521 4017 2687 4074 delet.

424 4099 481 4154 Β
666 4099 735 4155 25
769 4104 890 4167 post
925 4099 1186 4155 eructarit
1221 4097 1350 4151 add.
1382 4114 1427 4166 p
1463 4104 1514 4152 et
1550 4099 1672 4153 edd.
1711 4105 1844 4154 ante
1867 4100 2080 4156 Halm:
2129 4101 2224 4154 aut
2259 4100 2424 4154 etiam
2461 4105 2526 4156 ut
2560 4102 2688 4168 tibi,

422 4184 519 4254 qui
555 4184 862 4239 deum-anda
904 4187 1001 4241 tua
1035 4184 1214 4238 omnia
1249 4182 1542 4250 tradidisti,
1589 4184 1914 4241 redundanti
1961 4184 2230 4240 cruditate
2271 4186 2392 4254 plus
2433 4191 2689 4255 praestet,

424 4273 473 4323 si
509 4269 642 4323 bene
679 4270 981 4326 uomuerit‘?
1017 4270 1119 4336 cfr.
1150 4270 1447 4329 Sita-Ber,
1464 4287 1525 4339 p.
1551 4272 1627 4324 33
1808 4271 1876 4325 27
1912 4270 2173 4339 subdem;⁹
2204 4273 2284 4328 sic
2305 4289 2376 4326 m.
2402 4276 2442 4327 2
2478 4274 2534 4327 A

529 4374 687 4430 VIII.
2417 4376 2484 4430 18
