3380 4919
1131 356 1203 411 de
1237 357 1509 426 gubern.
1545 353 1655 411 dei
1689 358 1719 412 I
1756 361 1785 422 ἓ
1822 358 2043 412 35-40.
2638 363 2732 429 19,

462 545 739 628 puniam.
821 563 965 610 cum
1010 562 1153 629 ergo
1198 544 1323 609 ista
1367 545 1656 621 dixisset,
1703 547 1855 627 quid
1900 551 2303 613 consecutum
2348 553 2489 615 est?
2561 551 2714 616 mit-
2732 550 2815 617 38

462 650 683 714 tuntur
753 649 960 732 angeli
1027 647 1378 725 Sodomam,
1446 647 1925 730 proficiscuntur
1989 649 2341 733 introeunt,
2410 651 2713 719 bonorum

462 752 752 818 fouentur
800 751 1001 817 officio
1046 751 1354 816 malorum
1398 753 1702 816 uexantur
1745 751 2006 834 iniuria3
2077 756 2405 819 caecantur
2447 755 2713 838 improbi

461 856 786 920 saluantur
829 852 1024 937 probi.
1102 853 1261 917 Loth
1307 871 1449 917 cum
1493 853 1823 919 affectibus
1868 853 1988 936 piis
2022 854 2179 921 urbe
2224 857 2520 938 educitur,
2567 859 2713 923 urbs

417 975 445 1016 ⁵
463 976 605 1023 cum
635 956 1092 1022 habitatoribus
1123 955 1336 1038 impiis
1368 960 1817 1022 concrematur.
1852 956 2165 1040 interrogo
2197 959 2319 1039 hic,
2351 963 2713 1027 utrumnam

463 1060 614 1125 deus
659 1079 732 1123 ex
789 1058 1018 1125 iudicio
1074 1061 1272 1124 malos
1317 1078 1397 1125 an
1453 1060 1589 1124 sine
1631 1060 1866 1126 iudicio
1909 1061 2368 1127 concremarit?
2433 1065 2541 1146 qui
2584 1065 2714 1130 sine

462 1162 689 1228 iudicio
737 1162 1085 1228 Sodomitas
1136 1162 1386 1244 punitos
1430 1180 1467 1227 a
1512 1163 1622 1227 deo
1670 1162 1855 1239 dicit,
1912 1164 2197 1247 iniquum
2245 1166 2430 1230 deum
2475 1168 2712 1250 arguit:

462 1268 517 1330 si
574 1271 785 1332 autem
855 1285 995 1330 cum
1062 1265 1289 1331 iudicio
1355 1265 1556 1330 malos
1623 1265 1934 1349 perdidit,
2009 1268 2332 1334 iudicauit.
2407 1269 2714 1335 iudicauit

462 1369 677 1451 utique
725 1371 788 1434 et
834 1370 1084 1451 quidem
1128 1368 1256 1432 iam
1302 1367 1479 1449 quasi
1523 1367 1602 1433 ad
1638 1367 1842 1432 instar
1887 1367 2084 1433 futuri
2130 1362 2347 1435 iudicii
2388 1370 2711 1449 iudicauit,

378 1488 446 1527 ·10
463 1490 603 1536 cum
668 1472 838 1536 enim
860 1472 961 1537 fad
1019 1469 1394 1553 supplicium
1460 1471 1771 1535 malorum
1836 1470 2188 1555 gehennam
2242 1472 2311 1537 in
2356 1473 2568 1539 futuro
2612 1493 2713 1539 ar-

463 1580 673 1639 suram
739 1591 867 1638 esse
934 1573 1338 1639 manifestum
1401 1573 1513 1652 sit,
1583 1572 1913 1639 Sodomam
1963 1575 2182 1638 ‘autem
2247 1578 2311 1640 et
2370 1576 2609 1641 uicinas
2656 1577 2712 1642 ei

464 1676 647 1742 urbes
695 1676 984 1742 caelestis
1029 1676 1285 1743 flamma
1331 1680 1799 1759 consumpserit.
1853 1677 1920 1741 in
1962 1681 2273 1759 praesenti
2314 1681 2525 1745 autem
2554 1680 2712 1747 illud
2731 1684 2815 1748 39

463 1779 623 1862 quod
668 1780 954 1846 futurum
995 1784 1088 1845 est
1121 1781 1272 1844 deus
1303 1780 1505 1846 uoluit
1536 1779 1853 1849 declarare
1881 1780 2206 1860 iudicium,
2256 1784 2502 1866 quando
2532 1802 2714 1866 super

461 1882 723 1964 impium
756 1883 1055 1965 populum
1085 1883 1434 1965 gehennam
1469 1883 1642 1946 misit
1672 1902 1705 1946 e
1737 1883 1927 1959 caelo,
1976 1884 2141 1950 sicut
2172 1886 2362 1950 etiam
2395 1887 2713 1968 apostolus

393 2005 443 2045 15
463 1986 649 2065 dicit,
708 1987 872 2068 quod
929 1986 1076 2051 deus
1135 1986 1421 2055 ciuitates
1480 1985 1812 2052 Sodomam
1870 1989 1934 2051 et
1978 1985 2343 2053 Gomorram
2401 1989 2713 2054 euersione

462 2090 776 2157 damnarit
834 2089 1182 2172 exemplum
1227 2107 1461 2171 ponens
1506 2089 1699 2171 impie
1744 2089 1998 2167 acturiS,
2063 2093 2349 2171 quamuis
2395 2092 2460 2157 id
2504 2094 2710 2175 ipsum

461 2195 622 2276 quod
666 2194 755 2260 ibi
799 2195 1010 2258 actum
1058 2195 1154 2256 est
1198 2193 1339 2274 plus
1400 2192 1684 2256 habuerit
1741 2191 2197 2257 misericordiae
2251 2213 2437 2276 quam
2481 2197 2711 2260 seueri-

458 2298 628 2361 tatis.
719 2297 880 2376 quod
948 2296 1113 2360 enim
1179 2311 1442 2376 poenam
1515 2297 1644 2358 tam
1714 2293 1821 2357 diu
1895 2293 2178 2378 distulit,
2254 2297 2710 2364 misericordiae

458 2399 603 2480 fuit,
662 2398 957 2476 iustitiae,
1022 2397 1184 2479 quod
1243 2396 1571 2479 aliquando
1629 2397 1904 2478 puniuit.
1976 2402 2036 2463 et
2082 2398 2219 2464 ideo
2268 2418 2411 2465 cum
2457 2400 2709 2483 angelos

389 2518 442 2559 20
461 2501 790 2568 Sodomam
841 2502 988 2566 deus
1033 2500 1336 2578 mitteret,
1385 2501 1497 2565 hoc
1525 2499 1706 2576 nobis
1752 2501 2009 2583 probare
2043 2501 2262 2577 uoluit,
2311 2503 2473 2584 quod
2521 2503 2711 2568 etiam

460 2608 669 2671 malos·
725 2605 973 2687 puniret
1037 2604 1312 2669 inuitus:
1382 2603 1623 2668 scilicet
1688 2604 1789 2681 ut,
1860 2622 2000 2670 cum
2059 2606 2402 2687 legeremus
2459 2623 2615 2688 quae
2675 2624 2712 2671 a

461 2707 815 2773 Sodomitis¹
839 2707 1051 2790 angeli
1094 2703 1502 2788 pertulissent
1558 2707 1622 2771 et
1669 2708 2022 2772 uideremus
2067 2708 2371 2772 scelerum
2417 2710 2708 2775 immani-

460 2813 659 2876 tatem
724 2810 1057 2876 criminum
1125 2810 1577 2893 turpitudinem
1645 2809 1983 2875 libidinum
2039 2810 2504 2895 obscenitatem,
2566 2832 2709 2897 pro-

460 2916 631 2980 baret
673 2916 886 2998 utique
934 2914 1113 2980 nobis
1156 2917 1334 2991 deuS,
1400 2914 1561 2994 quod
1608 2912 1742 2993 ipse
1791 2932 1891 2978 eos
1937 2913 2209 2979 noluerit
2254 2919 2539 2996 perdere,
2604 2920 2709 2983 sed

388 3016 582 3098 25ipsi
626 3017 998 3084 extorserint
1043 3019 1116 3081 ut
1160 3017 1451 3097 perirent.

546 3137 753 3202 VIIII.
803 3137 1064 3202 Possum
1109 3138 1433 3201 innumera
1477 3136 1771 3218 proferre,
1819 3138 1928 3201 sed
1973 3155 2210 3215 uereor,
2254 3157 2330 3202 ne
2374 3138 2707 3204 dum.satis
2728 3141 2815 3205 40

459 3259 589 3304 rem
633 3242 892 3322 probare
939 3241 1224 3319 nitimur,
1273 3240 1602 3305 historiam
1648 3241 1919 3305 texuisse
1963 3241 2307 3307 uideamur.
2351 3242 2595 3323 Moyses
2641 3241 2707 3306 in

664 3429 690 3480 1
730 3429 860 3483 cen.
901 3429 965 3482 19
1172 3427 1237 3481 15
1270 3426 1328 3480 11
1363 3427 1476 3484 Pet.
1516 3427 1563 3493 2,
1601 3428 1634 3481 6
1831 3389 1907 3481 ⁴27
1943 3427 2105 3481 Exod.
2143 3429 2177 3480 3

559 3595 594 3646 4
646 3594 765 3648 loht
817 3596 871 3649 Β
1080 3596 1114 3649 5
1163 3597 1526 3649 concrematur
1563 3594 1749 3663 impiis
1796 3595 1851 3648 Β
2058 3595 2148 3648 hic
2186 3595 2239 3648 Β
2276 3610 2316 3648 s.
2357 3596 2391 3647 l.
2428 3612 2495 3648 m.
2533 3598 2574 3649 2

459 3681 525 3733 10
561 3681 703 3735 euim
738 3683 869 3744 fort.
907 3698 975 3737 ex
1011 3698 1128 3735 cum
1166 3682 1307 3750 quod
1334 3682 1622 3750 praecedit
1658 3681 2026 3751 dittographia
2051 3687 2228 3735 ortum
2267 3686 2376 3743 est;
2410 3681 2528 3737 uid.
2552 3683 2711 3749 infra

457 3767 532 3821 ad
565 3774 610 3832 §-
651 3771 723 3821 40
931 3767 1211 3837 suplicium
1262 3767 1318 3821 Β
1526 3768 2045 3837 gehenna—arsura
2080 3767 2190 3820 AB
2234 3771 2375 3837 gena
2412 3768 2461 3834 (e
2498 3768 2576 3822 lit.
2614 3768 2707 3823 alt.

454 3868 497 3907 s·
533 3855 660 3922 scr.)
700 3847 1016 3926 —arsuram
1051 3871 1086 3907 v
1263 3854 1324 3907 11
1344 3845 1544 3926 rautem
1579 3858 1633 3906 Ἀ
1661 3854 1826 3922 (quod
1850 3854 2128 3907 Halmium
2151 3852 2347 3923 fufio:
2386 3869 2484 3907 om.
2521 3855 2575 3907 Β

457 3936 506 3990 ei
530 3954 642 3992 non
666 3938 777 3992 eius
804 3941 967 3993 etiam
1002 3940 1056 3993 Β
1235 3939 1300 3993 15
1338 3929 1640 4007 gomurram
1678 3939 1734 3992 A
1907 3939 1971 3993 16
2007 3939 2322 4008 dampnaret
2355 3938 2411 3992 Β
2448 3955 2515 3992 m.
2542 3944 2576 3992 1

460 4024 530 4078 18
564 4039 784 4091 poenam
819 4042 999 4079 eorum
1036 4026 1089 4079 Β
1127 4028 1328 4092 (eorum
1353 4027 1415 4078 in
1439 4026 1493 4078 A
1518 4024 1697 4079 deesse
1719 4025 2008 4078 Halmium
2029 4024 2195 4096 fuqit)
2370 4024 2438 4077 24
2474 4024 2566 4078 sed
2602 4025 2710 4093 ipsi

454 4112 756 4177 —proferre
806 4113 862 4165 'A
916 4114 978 4165 in
1013 4128 1112 4183 my.
1158 4110 1426 4176 inferiore
1461 4113 1694 4179 antiqua
1727 4128 1900 4165 manu
1937 4120 1985 4165 et
2020 4113 2131 4165 alio
2166 4116 2472 4166 atramento
2506 4112 2710 4179 scripta

454 4196 614 4251 habet
822 4198 889 4252 26
926 4200 1051 4251 dum
1090 4197 1144 4251 Β
1179 4213 1220 4251 s.
1258 4198 1292 4251 l.
1328 4214 1395 4250 m.
1423 4203 1454 4250 1
1490 4204 1553 4251 ut
1588 4198 1701 4252 uid.
1899 4197 1964 4251 27
2002 4213 2109 4251 rem
2149 4197 2390 4265 probare]
2427 4196 2710 4265 reprobare

457 4281 511 4335 Β
717 4283 1007 4336 retinemur
1040 4283 1134 4337 sed
1167 4300 1234 4337 m.
1274 4298 1378 4337 ree.
1416 4300 1458 4337 s·
1493 4300 1598 4339 ser.
1635 4283 1864 4337 nitimur
1899 4285 1953 4337 A
2004 4282 2287 4337 renitimur
2322 4283 2376 4336 Β

2431 4383 2504 4436 2*
