3380 4919
643 325 770 391 208
1617 319 1924 376 Saluiaui

647 517 710 578 et
769 531 1026 579 auorum
1093 511 1323 596 gaudia
1389 510 1816 591 contigerunt,
1886 513 1977 585 et,
2044 510 2205 591 quod
2272 514 2536 593 utroque
2604 514 2897 592 praestat,

643 620 978 697 utrumque
1022 614 1307 692 feliciter,
1356 632 1498 679 cum
1545 614 1754 678 fructu
1801 612 2182 696 adipiscendi
2214 615 2277 679 et
2319 613 2711 681 beatitudine
2755 635 2897 698 per-

645 719 910 799 fruendi,
956 738 1080 785 non
1128 719 1275 801 quia
1317 717 1469 783 hinc
1513 735 1624 800 ego
1671 716 1908 799 aliquid
1953 717 2111 784 mihi
2161 717 2474 798 deputem,
2534 718 2643 781 sed
2687 718 2896 785 tamen

644 823 891 901 ingrata
950 821 1118 902 apud
1164 840 1274 886 uos
1321 838 1449 888 esse
1494 839 1616 886 non
1680 819 1882 902 debet,
1930 839 2041 901 per
2084 838 2272 902 quam
2329 839 2440 885 uos
2498 822 2701 886 uoluit
2746 823 2897 887 deus

546 929 625 993 14
644 944 776 990 esse
821 925 1048 993 felices,
1109 945 1205 1008 ne,
1252 942 1498 1007 quaeso,
1546 942 1693 1006 ergo
1738 924 2075 990 molestum
2119 923 2297 988 uobis
2342 923 2429 988 sit
2460 928 2620 1007 quod
2665 925 2898 991 referre
2941 944 2968 984 ⁵

644 1029 880 1111 aliquid
948 1029 1060 1093 deo
1119 1028 1318 1111 cupio,
1391 1028 1493 1092 cui
1550 1027 1765 1093 omnia
1824 1045 2147 1108 repensare
2203 1045 2325 1092 non
2387 1046 2657 1111 possum.
2727 1031 2895 1112 pleni

643 1133 791 1197 estis
850 1131 1099 1196 solaciis
1159 1131 1625 1196 iucundissimis
1684 1130 1854 1212 pleni
1912 1129 2280 1215 pignoribus
2340 1131 2680 1197 carissimis
2725 1132 2897 1214 pleni

641 1236 1067 1302 benedictione
1113 1235 1361 1301 diuina:
1423 1238 1669 1316 praeter
1725 1234 2103 1315 peculiarem
2149 1235 2276 1298 mei
2321 1252 2569 1301 causam
2616 1237 2895 1301 uestrum

641 1339 964 1421 negotium
1020 1339 1246 1404 referre
1308 1339 1419 1404 deo
1479 1340 1752 1422 gratiam
1809 1338 2005 1417 iubet,
2077 1337 2303 1403 debere
2347 1358 2447 1403 me
2494 1339 2551 1405 ei
2604 1340 2894 1424 arbitror,

643 1446 804 1525 quod
864 1441 1043 1507 uobis
1102 1443 1280 1507 tanta
1339 1442 1660 1508 concessit.
1731 1442 1838 1507 sed
1894 1442 2048 1507 haec
2107 1441 2447 1508 hactenus:
2516 1442 2897 1511 sufficienter
2917 1464 2968 1501 ιο

543 1653 623 1718 15
643 1654 791 1717 sunt
865 1650 1106 1733 agenda
1179 1667 1289 1729 per
1362 1648 1580 1714 filiam.
1658 1649 1913 1713 utamur
1985 1667 2131 1732 ergo
2204 1647 2485 1729 (honeste
2556 1650 2721 1714 enim
2787 1671 2859 1732 pr

643 1546 807 1610 enim
852 1546 975 1610 iam
1021 1565 1131 1627 per
1174 1564 1306 1627 noS‚
1369 1563 1402 1608 o
1450 1545 1775 1610 carissima
1819 1564 2002 1624 soror,
2063 1545 2300 1626 precati
2359 1563 2594 1622 sumuS,
2655 1548 2898 1827 reliq?

640 1752 1095 1817 reconciliando
1153 1756 1481 1835 parentum
1543 1750 1773 1815 affectu
1832 1754 2059 1816 cuncta
2118 1752 2576 1833 temptantur),
2646 1758 2819 1817 utam

640 1856 896 1920 illorum
955 1874 1125 1920 more
1171 1860 1234 1920 et
1293 1855 1592 1937 exemp10‚
1651 1854 1758 1936 qui
1819 1854 2046 1919 ultimo
2102 1873 2425 1920 causarum
2484 1856 2618 1919 loco
2687 1857 2893 1937 aliqua

642 1976 1106 2042 nonnumquam
1166 1961 1242 2023 ad
1303 1958 1814 2023 commonendam
1874 1951 2152 2022 iudicum
2211 1958 2693 2024 misericordiam
2750 1977 2963 2042 pro-15

642 2062 923 2127 ferebant
979 2063 1204 2126 laturis
1269 2061 1645 2126 sententiam
1705 2061 2247 2143 disceptatoribuS,
2312 2070 2420 2127 aut
2479 2062 2894 2127 lamentantes

641 2168 872 2230 matres
934 2166 1209 2231 familias
1267 2167 1378 2230 aut
1434 2166 1784 2230 sordidatos
1842 2183 2016 2229 senes
2076 2167 2187 2230 aut
2244 2167 2561 2249 plorantes
2606 2166 2896 2246 paruolos

640 2270 1012 2351 ingerenteS‚
1071 2269 1305 2334 scilicet
1349 2272 1420 2333 ut
1467 2267 1574 2351 qui
1622 2267 1937 2352 superiora
1995 2287 2215 2333 causae
2261 2269 2466 2334 uerbis
2513 2271 2637 2334 iam
2683 2289 2896 2335 exora-

543 2377 621 2442 16
640 2376 895 2452 nerant,
956 2373 1297 2453 posteriora
1352 2373 1536 2437 rebus
1594 2372 1747 2453 ipsis
1804 2373 2186 2454 perorarent.
2262 2372 2579 2437 offerimus
2639 2364 2808 2455 ergo'
2833 2375 2896 2439 et

641 2494 753 2541 nos
796 2476 993 2555 uobiS‚
1055 2496 1089 2541 o
1136 2477 1439 2542 carissimi
1503 2480 1810 2558 parentes,
1870 2476 2096 2558 pignus
2152 2478 2285 2558 pari
2345 2478 2596 2558 quidem
2641 2478 2966 2541 illorumso

642 2579 751 2644 sed
817 2584 1033 2644 tamen
1100 2581 1371 2661 gratiore
1440 2578 1760 2662 suffragio,
1859 2579 2178 2643 offerimus
2247 2581 2411 2645 enim
2476 2580 2704 2663 pignus
2774 2599 2898 2643 non

641 2685 1030 2765 incognitum
1075 2683 1185 2747 sed
1230 2682 1661 2761 domesticum,
1725 2700 1847 2745 non
1894 2682 2172 2746 alienum
2218 2684 2324 2746 sed
2372 2682 2715 2763 proprium,
2763 2700 2895 2760 nec,

642 2786 715 2849 ut
757 2786 858 2849 illi
903 2789 1195 2864 oratores,
1246 2786 1310 2849 et
1354 2785 1481 2850 sibi
1513 2785 1576 2848 et
1619 2782 1932 2849 iudicibus
1968 2787 2332 2849 extraneum
2364 2786 2470 2849 sed
2502 2786 2679 2851 nobis
2710 2786 2896 2850 simul

642 2889 942 2971 uobisque
987 2906 1343 2953 commune:
1403 2907 1562 2970 quae
1608 2906 1718 2952 uos
1762 2889 1977 2970 utique
2032 2887 2231 2952 uestri
2288 2889 2610 2971 sanguinis
2656 2888 2898 2954 indoles

642 3009 765 3055 non
834 2994 908 3055 ad
977 2992 1434 3073 incognitorum
1514 2990 1841 3055 hominum
1925 2990 2092 3071 cogit
2168 2989 2566 3055 dilectionem
2641 2991 2748 3056 sed
2819 2991 2897 3055 ad
2916 3013 2968 3053 πε

642 3099 990 3160 uestrorum
1057 3103 1307 3160 reuocat
1375 3094 1733 3172 caritatem,
1806 3112 1920 3158 nec
1992 3092 2222 3158 alienos
2288 3093 2466 3157 uobis
2526 3094 2725 3158 aliena
2792 3095 2898 3158 sed

642 3204 879 3262 uestros
925 3203 1136 3263 uestra
1181 3199 1591 3273 commendat,
1641 3217 1839 3279 neque
1881 3197 1946 3261 id
1992 3199 2145 3276 orat,
2193 3198 2266 3260 ut
2311 3215 2411 3260 eos
2457 3196 2699 3274 ametis,
2745 3216 2897 3279 quos

641 3318 985 3382 numquam
1053 3305 1198 3392 aute
1255 3299 1523 3377 uidistis,
1591 3302 1699 3364 sed
1748 3304 1819 3364 ut
1859 3316 1960 3364 eos
2007 3317 2125 3363 non
2174 3298 2429 3364 oderitis
2490 3317 2662 3380 quw,
2724 3303 2895 3381 pute,

545 3408 622 3472 17
643 3422 764 3469 non
820 3404 1085 3487 diligere
1147 3421 1271 3470 non
1329 3402 1608 3484 pot-estis.
1685 3407 1969 3467 uestrum
2027 3403 2182 3482 ideo,
2241 3404 2527 3485 parentes
2575 3401 2894 3480 carissimi,

164 4421 615 4618 '‘X„

645 3507 966 3591 negotium
1035 3509 1247 3572 uestra
1314 3524 1413 3570 res
1473 3509 1600 3589 est3
1668 3506 1873 3571 uester
1935 3505 2001 3569 id
2059 3524 2096 3570 a
2156 3506 2330 3571 uobis
2388 3505 2635 3570 animus
2692 3506 2900 3569 uestra
2916 3526 2969 3565 30

747 3748 777 3800 7
834 3745 1044 3798 solatiis
1097 3745 1177 3798 sic
1230 3746 1393 3799 etiam
1448 3746 1491 3799 0
1703 3745 1763 3797 11
1820 3745 2051 3813 praenati
2099 3746 2180 3811 (ut
2215 3751 2263 3808 ἕ.
2320 3749 2355 3799 9
2406 3750 2499 3812 pce
2554 3749 2603 3797 et
2655 3744 2731 3797 sic
2782 3742 2900 3808 fere

642 3834 863 3901 ubique)
920 3830 973 3885 Ο
1186 3831 1251 3884 12
1301 3831 1418 3885 filia
1470 3833 1742 3885 mutamur
1798 3832 1915 3898 (sic)
1979 3831 2024 3886 Ο
2253 3832 2317 3885 13
2371 3834 2590 3883 utamur
2641 3830 2903 3883 Pithoeus

643 3922 706 3975 ut
751 3935 896 3972 amor
951 3918 996 3973 Ο
1200 3918 1266 3971 16
1313 3917 1508 3971 laturi*
1549 3918 1666 3985 (sic)
1724 3918 1769 3973 0
1971 3917 2036 3970 17
2086 3917 2318 3970 familiae
2356 3918 2472 3981 (sic)
2534 3916 2578 3971 Ο
2781 3932 2900 3984 par-

644 4007 793 4060 uolos
849 4005 996 4071 (item
1047 4003 1206 4070 infra
1259 4004 1620 4071 paruolorum)
1690 4004 1738 4059 0
2011 4004 2076 4058 18
2134 4004 2485 4056 exorauerunt
2541 4002 2659 4069 (sic)
2721 4001 2767 4055 0

642 4090 713 4145 24
758 4105 858 4157 que
893 4105 990 4144 uos
1037 4089 1082 4144 0
1285 4089 1483 4142 indolis
1541 4089 1586 4144 Ο
1787 4088 1853 4143 29
1900 4105 2006 4143 non
2053 4091 2203 4155 (ante
2238 4087 2487 4156 potestis)
2524 4086 2670 4155 quod
2705 4088 2767 4142 in
2800 4104 2903 4140 sua

645 4177 874 4231 Baluzii
931 4177 1169 4231 editione
1227 4176 1568 4230 intercidisse
1623 4181 1804 4230 monet
1863 4174 2123 4229 Halmius
2137 4215 2149 4238 ,
2226 4175 2289 4227 in
2345 4179 2546 4241 quarta
2606 4171 2730 4227 edit.
2790 4188 2904 4226 non

643 4263 789 4318 deest
