3380 4919
670 301 795 376 146
1631 294 1935 350 Saluiani

669 487 837 573 tatis,
894 487 1077 570 gulae
1122 503 1197 553 ac
1251 484 1567 552 lasciuiae·
1604 483 1964 551 seruientes.
2040 481 2189 565 quid
2244 481 2526 564 pri-mum
2567 481 2680 548 hic
2712 498 2903 549 accu—

665 590 929 655 sandum
976 592 1071 654 est
1085 591 1117 654 ⁴?
1161 591 1323 670 quod
1364 586 1655 653 honorati
1698 605 1776 652 an
1822 586 1985 668 quod
2028 602 2207 651 senes
2253 603 2333 650 an
2365 583 2534 668 ¹quod
2563 582 2905 650 Christiani

667 710 748 757 an
791 690 954 774 quod
1007 691 1478 775 periclitantes?
1543 689 1682 772 quis
1740 682 1904 754 enim
1960 688 2078 753 hoc
2132 688 2271 754 fieri
2315 704 2512 769 posse?
2542 689 2756 754 credat
2797 687 2904 752 uel

665 795 731 859 in
775 794 1135 860 securitate·
1159 811 1197 859 a
1225 792 1479 858 senibus
1525 795 1627 859 uel
1663 792 1733 857 in
1771 784 2139 858 ¹discrimine
2167 810 2205 857 a
2233 791 2454 875 pueris·
2471 790 2576 857 uel
2604 807 2905 874 umquam

562 901 650 969 ’Μ
665 918 702 963 a
746 895 1159 963 Christianis?
1214 898 1499 964 iacebant
1558 897 1626 961 in
1682 895 1980 963 conuiuiis
2034 893 2217 960 obliti
2267 893 2515 960 honoris
2576 892 2759 959 obliti
2797 910 2905 958 ae-
2947 915 2975 957 ⁵

664 1000 819 1068 tatis
873 999 1056 1065 obliti
1108 999 1503 1082 professionis
1563 997 1746 1064 obliti
1789 997 2059 1065 nominis
2103 997 2221 1075 sui,
2265 996 2575 1080 principes
2619 995 2903 1063 ciuitatis

664 1103 801 1169 cibo
867 1102 1125 1168 conferti
1190 1102 1534 1168 uinolentia
1592 1100 1899 1179 dissoluti,
1958 1099 2333 1166 clamoribus
2378 1099 2592 1166 rabidi·
2635 1099 2902 1165 baccha-

662 1192 830 1272 tione
873 1205 1111 1288 furiosi,
1156 1204 1317 1270 nihil
1348 1204 1566 1270 *minus
1610 1222 1798 1287 quam
1840 1221 2055 1269 sensus
2100 1202 2218 1281 sui,
2263 1203 2477 1280 immo,
2522 1203 2673 1286 quia
2712 1220 2902 1284 prope

661 1295 893 1390 iugiter
958 1309 1172 1387 talessss
1204 1307 1367 1372 nihil
1432 1307 1632 1391 magis
1699 1324 1886 1389 quam
1945 1323 2159 1371 sensus
2186 1300 2192 1307 '
2216 1305 2335 1370 sui.
2409 1308 2519 1371 sed
2563 1323 2709 1370 cum
2735 1305 2903 1370 haec

662 1411 754 1476 ita
812 1414 1052 1486 essent,
1118 1402 1257 1494 plus
1312 1411 1515 1476 multo
1569 1412 1662 1476 est
1727 1411 1891 1492 quod
1948 1409 2223 1475 dicturus
2278 1427 2450 1474 sum:
2514 1407 2703 1474 finem
2759 1426 2900 1490 per·
2922 1435 2972 1474 10

662 1513 883 1579 ditioni
926 1514 1070 1580 huic
1113 1532 1224 1579 nec
1268 1512 1600 1578 ciuitatum
1626 1513 1883 1579 excidia
1922 1513 2219 1579 fecerunt.
2250 1513 2517 1594 denique
2547 1515 2901 1597 expugnata

560 1622 645 1690 75
663 1619 759 1682 cst
826 1620 1044 1700 quater
1102 1617 1252 1682 urbs
1297 1615 1624 1684 Gallorum
1682 1615 2174 1699 opulentissima.
2249 1616 2609 1698 promptum
2657 1620 2764 1682 est
2821 1616 2898 1682 de

590 1726 647 1781 c}
664 1737 786 1801 qua
857 1720 1078 1785 dicam.
1181 1718 1467 1784 sufficere
1539 1718 1757 1800 utique
1830 1717 2133 1785 debuerat
2208 1719 2627 1791 emendationi
2696 1720 2899 1803 prima

664 1823 1014 1904 captiuitas‚
1059 1825 1132 1887 ut
1161 1822 1530 1887 instauratio
1560 1825 1958 1903 peccatorum
1987 1836 2110 1891 non
2141 1824 2545 1891 instaurasset
2574 1823 2898 1890 excidium.

560 1935 646 2002 76
661 1925 768 1990 sed
812 1925 960 2007 quid
1004 1925 1228 2007 plura?
1294 1924 1656 1989 incredibile
1716 1928 1813 1989 est
1852 1924 2029 2006 vquod
2071 1925 2306 2007 loquor.
2376 1925 2721 1991 adsiduitas
2764 1925 2900 1991 illic
2918 1951 2965 1990 ιε

661 2028 1096 2094 calamitatum
1139 2031 1544 2109 augmentum
1590 2027 1722 2093 illic
1767 2026 2101 2094 criminum
2145 2028 2287 2094 suit.
2362 2029 2525 2094 sicut
2570 2026 2739 2100 enim
2783 2046 2910 2093 ana

658 2133 920 2213 guinum
964 2131 1126 2195 illud
1169 2131 1535 2208 monstrum,
1579 2132 1652 2194 ut
1682 2130 1933 2196 fabulae
1965 2129 2193 2210 ferunt,
2241 2129 2402 2212 quod
2432 2129 2897 2215 multiplicabat

658 2235 900 2310 occisio,
954 2233 1044 2298 ita
1103 2234 1296 2300 etiam
1348 2233 1415 2298 in
1459 2230 1785 2298 Gallorum
1828 2232 2343 2301 excellentissima
2405 2233 2557 2299 urbe
2601 2234 2699 2299 his
2742 2234 2895 2316 ipsis

657 2338 879 2418 quibus
924 2336 1364 2403 coercebantur
1407 2335 1612 2420 plagis
1657 2336 1892 2404 scelera
1936 2339 2318 2416 crescebant,
2366 2338 2438 2405 ut
2464 2339 2716 2419 putares
2748 2355 2896 2421 poe-

655 2458 802 2505 nam
844 2440 1124 2523 ipsorum
1169 2440 1504 2506 criminum
1548 2439 1724 2523 quasi
1768 2441 2039 2505 matrem
2084 2457 2217 2504 esse
2261 2438 2598 2507 uitiorum·
2638 2441 2699 2505 et
2742 2439 2893 2523 quid
2910 2468 2964 2509 πο

653 2543 834 2625 plura
847 2546 878 2607 ἓ
943 2544 1023 2608 ad
1067 2544 1184 2609 hoc
1238 2544 1544 2610 malorum
1601 2543 1831 2609 cotidie
1875 2544 2326 2625 pullulantium
2370 2542 2893 2626 multiplicatione

654 2649 1022 2727 peruentum
1081 2648 1196 2725 est,
1257 2651 1329 2711 ut
1373 2647 1617 2712 facilius
1679 2648 1842 2711 esset
1886 2646 2105 2711 urbem
2146 2646 2325 2711 illam
2369 2645 2501 2710 sine
2541 2645 2892 2718 habitatore

584 2755 615 2804 ἑ-
655 2766 844 2829 quam
885 2750 1086 2814 ullum
1131 2767 1324 2831 paene
1366 2749 1792 2815 habitatorum
1840 2767 1970 2815 esse
2016 2750 2149 2814 siue
2196 2748 2473 2813 crimine.
2541 2749 2737 2833 igitur
2779 2750 2893 2814 hoc
2993 2744 3004 2767 “

554 2851 721 2925 ''17in
775 2851 908 2917 illa.
983 2852 1131 2935 quid
1187 2855 1253 2918 in
1306 2852 1431 2918 alia
1485 2870 1607 2918 non
1659 2851 1842 2935 longe
1899 2850 2008 2916 sed
2052 2869 2246 2933 prope
2287 2852 2557 2916 eiusdem
2601 2851 2888 2934 magnifi-

657 2955 898 3019 centiae
964 2956 1221 3020 ciuitate
1239 2959 1270 3020 ?
1343 2974 1547 3020 nonne
1614 2958 1829 3021 eadem
1885 2958 1949 3020 et
2012 2972 2220 3019 rerum
2284 2955 2468 3019 ruina
2534 2953 2770 3035 pariter
2826 2955 2891 3019 et
2910 2983 2959 3025 25

653 3075 897 3122 morum
913 3061 947 3123 Ρ
1019 3077 1166 3124 nam
1224 3062 1467 3142 praeter
1522 3061 1745 3138 cetera,
1798 3080 1939 3126 cum
1986 3057 2220 3124 duobus
2263 3057 2398 3123 illic
2439 3058 2782 3142 praecipuis
2827 3061 2890 3123 et

652 3159 1040 3244 generalibus
1087 3161 1274 3227 malis
1321 3161 1590 3227 auaritia
1633 3163 1699 3226 et
1744 3163 2043 3228 ebrietate
2078 3163 2289 3227 omnia
2333 3161 2763 3240 concidissent,
2811 3159 2891 3225 ad

650 3264 766 3330 hoc
806 3265 1116 3348 postremo
1161 3264 1376 3330 rabida
1418 3265 1553 3329 uini
1584 3266 1887 3338 auiditate
1916 3268 2286 3348 peruentum
2318 3265 2430 3346 est,
2476 3268 2546 3328 ut
2577 3263 2887 3346 principes

654 3367 822 3442 urbis
866 3370 1058 3452 ipsius
1104 3355 1197 3434 ne>
1227 3371 1378 3433 tunc
1421 3369 1671 3451 quidem
1720 3372 1803 3434 de
1842 3368 2143 3435 conuiuiis
2188 3368 2529 3453 surgerent,
2576 3386 2716 3432 cum
2763 3366 2887 3432 iam

751 3658 782 3712 7
818 3657 991 3725 rapidi
1024 3657 1080 3710 B
1254 3656 1319 3711 10
1353 3656 1636 3725 perditioni
1659 3671 1729 3711 ex
1751 3655 2067 3725 perdictioui
2101 3657 2155 3709 A
2190 3672 2327 3711 corr.
2361 3673 2433 3710 m.
2456 3661 2490 3710 1
2666 3656 2731 3712 12
2758 3662 2889 3725 post

649 3751 925 3807 Gallorum
969 3750 1185 3805 adiecta
1232 3756 1308 3806 est
1340 3751 1408 3805 in
1441 3752 1496 3805 A
1548 3752 1727 3821 ylossa
1760 3753 1937 3804 treuer
1969 3751 2034 3805 in
2068 3751 2122 3805 B
2166 3756 2219 3805 et
2271 3751 2386 3806 rell.
2437 3751 2609 3805 treuir
2651 3750 2887 3818 (treuiris

646 3847 710 3899 im
742 3862 776 3900 v
814 3843 1200 3913 Brassica‘rms)
1412 3845 1475 3899 13
1521 3846 1643 3914 qua]
1694 3860 1798 3913 quo
1843 3844 1900 3898 B
2105 3844 2170 3898 17
2208 3841 2378 3914 ‘quod
2423 3858 2523 3899 om.
2571 3843 2651 3898 ed.
2690 3843 2888 3899 Balas.

648 3943 726 3992 est
771 3938 890 3992 leue
935 3938 1306 3993 anacoluthon
1349 3938 1414 3993 im
1459 3937 1720 3993 orationis
1768 3936 2168 4005 compositione*
2218 3936 2481 3992 Halmius
2685 3939 2751 3992 18
2802 3937 2887 3992 bis

647 4031 840 4100 quibus
875 4032 1008 4101 ipsis
1043 4032 1098 4086 Β
1289 4032 1355 4086 19
1389 4031 1803 4086 cohercebantur
1834 4035 2020 4100 pwnct.
2055 4031 2093 4084 11
2126 4032 2182 4085 A
2368 4030 2437 4085 22
2472 4030 2588 4086 sine
2619 4030 2888 4087 habitam:

640 4140 805 4195 quam
848 4126 903 4180 A
1108 4126 1174 4181 23
1217 4140 1350 4195 pene
1396 4140 1464 4179 ex
1501 4140 1669 4193 poena
1704 4125 1759 4179 A
1794 4140 1936 4181 corr.
1971 4141 2038 4179 m.
2076 4128 2112 4180 2
2314 4125 2384 4179 25
2436 4126 2676 4193 ciuitate]
2722 4127 2786 4181 in
2831 4125 2887 4179 A

641 4235 817 4291 mara.
853 4237 923 4275 m.
959 4236 1066 4276 rec.
1107 4220 1238 4278 add.
1273 4219 1550 4289 mogontia
1755 4219 1823 4273 26
1858 4222 2066 4273 cetaera
2098 4218 2155 4272 A
2342 4222 2399 4272 et
2432 4219 2486 4272 A
2521 4219 2585 4274 in
2617 4236 2725 4275 ras.
2835 4259 2840 4266 .

464 4477 963 4662 ‘N
