3380 4919
654 330 780 396 256
1625 326 1941 382 Saluiani

657 518 826 583 bant.
904 521 967 581 et
1013 517 1158 599 quid
1203 518 1427 601 plura?
1473 516 1664 581 etiam
1713 513 2035 580 emicuisse
2081 517 2145 580 in
2191 516 2277 579 eis
2315 516 2607 596 quiddam
2654 516 2911 582 luminis

554 619 826 701 34puto.
902 638 1042 685 cum
1101 622 1269 686 enim
1326 624 1516 704 ipsae,
1589 622 1659 684 ut
1716 620 2006 703 legimuS‚
2078 619 2522 699 extinguendas
2568 619 2701 684 fore
2744 621 2909 685 lam-

656 727 844 806 padas
921 742 1065 789 suas
1139 723 1625 798 reformidarint,
1703 721 2019 787 habebant
2093 722 2370 805 profecto
2445 722 2680 806 aliquid
2749 723 2911 805 quod

655 829 1028 894 uerebantur
1093 828 1393 912 extingui.
1468 847 1581 892 nec
1637 827 1798 892 falsa
1853 827 2059 910 opinio
2118 829 2533 894 metuentium
2590 829 2740 896 fuit:
2809 847 2912 893 ex-

655 932 890 997 tinctae
945 932 1253 1014 siquidem
1311 934 1374 996 et
1431 932 1798 996 obcaecatae
1853 935 2019 995 sunt.
2093 931 2252 995 nihil
2310 933 2476 996 enim
2532 931 2770 1013 profuit
2814 929 2910 995 illi
2955 946 2978 992 s

655 1033 1012 1116 integritati
1070 1034 1230 1117 quod
1275 1034 1342 1098 in
1388 1052 1459 1097 ea
1503 1035 1717 1098 lumen
1763 1030 2153 1115 uirginitatis
2201 1034 2511 1116 apparuit,
2574 1034 2719 1115 quia
2764 1033 2913 1097 sub·

656 1136 890 1203 stantia
934 1138 1053 1202 olei
1099 1153 1222 1201 non
1267 1135 1710 1219 suppeditante
1756 1136 2000 1200 defecit.
2075 1154 2147 1200 ex
2192 1154 2312 1218 quo
2358 1137 2779 1220 intellegimus
2825 1136 2909 1215 id,

654 1241 818 1323 quod
863 1257 1086 1321 parum
1131 1243 1245 1317 est,
1293 1240 1467 1321 quasi
1515 1239 1677 1303 nihil
1724 1258 1890 1304 esse:
1937 1241 2082 1320 quia
2128 1258 2252 1303 non
2286 1240 2439 1304 satis
2469 1241 2718 1321 prodest
2763 1239 2908 1305 ilico

654 1343 1144 1426 extinguendum
1209 1344 1419 1408 lumen
1485 1343 1739 1408 accendi
1795 1361 1909 1408 nec
1974 1344 2151 1408 iuuat
2210 1343 2445 1424 aliquid
2503 1343 2907 1422 inlucescere,

655 1450 816 1528 quod
872 1448 937 1511 in
999 1447 1133 1528 ipso
1202 1448 1340 1511 ortu
1405 1445 1639 1511 habeat
1696 1464 1999 1526 occasum,
2070 1449 2133 1510 et
2195 1449 2274 1513 ad
2319 1446 2436 1510 hoc
2478 1448 2981 1513 tantummodom

654 1549 906 1615 initium
965 1550 1190 1615 habere
1243 1549 1536 1626 uiuentiS,
1602 1553 1676 1613 ut
1732 1550 1931 1631 possit
1987 1549 2244 1614 initium
2299 1548 2527 1613 habere
2571 1549 2909 1613 morientis.

554 1657 637 1724 35
655 1654 839 1735 plena
882 1653 1093 1734 itaque
1139 1653 1391 1716 lucerna
1434 1669 1589 1734 opus
1622 1654 1736 1729 est,
1783 1653 1859 1715 ut
1888 1652 2103 1716 lumen
2133 1651 2331 1733 possit
2359 1667 2493 1717 esse
2525 1651 2909 1716 diuturnum.

656 1773 802 1820 nam
857 1756 909 1819 si
966 1754 1033 1818 in
1098 1753 1343 1836 lychnis
1410 1753 1585 1837 ipsis,
1655 1754 1885 1837 quibus
1943 1754 2023 1820 ad
2079 1753 2267 1818 breue
2331 1758 2577 1836 tempus
2645 1758 2911 1818 utuntur

656 1861 958 1937 homineS‚
1023 1859 1374 1941 languescit
1431 1858 1645 1923 lumen
1694 1877 1767 1923 ac
1810 1859 2036 1935 deficit,
2083 1859 2205 1923 nisi
2252 1860 2458 1924 oleum
2502 1859 2675 1941 large
2721 1858 2912 1922 fuerit

658 1962 954 2040 infusum,
1022 1966 1259 2044 quanta
1324 1958 1461 2040 tibi,
1532 1979 1957 2044 quaecumque
2009 1953 2126 2027 ‘illa
2183 1979 2270 2039 ee,
2339 1964 2572 2044 quanta
2624 1961 2747 2026 tibi
2792 1962 2912 2026 olei
2931 1992 2980 2032 ιε

657 2067 1037 2132 abundantia
1104 2083 1255 2146 opus
1324 2068 1437 2142 est,
1508 2070 1581 2129 ut
1649 2064 1902 2131 lucerna
1967 2068 2078 2129 tua
2143 2066 2354 2131 luceat
2418 2068 2482 2130 in
2540 2067 2911 2131 aeternum?

656 2171 893 2236 nemini
936 2170 1148 2251 itaque
1193 2168 1271 2233 ad
1316 2168 1515 2231 uitam
1560 2186 1895 2251 perennem
1940 2169 2041 2233 sat
2085 2172 2199 2243 est,
2247 2168 2301 2232 si
2346 2172 2528 2250 putet
2572 2188 2637 2235 se
2682 2168 2910 2234 habere

657 2274 820 2356 quod
893 2290 1013 2337 non
1086 2271 1310 2349 habet;
1386 2272 1624 2336 stultae
1699 2272 1864 2336 enim
1936 2271 2470 2354 praesumptiones
2543 2271 2910 2353 perditionis

659 2394 875 2441 causae
942 2380 1090 2439 sunt
1157 2392 1282 2439 non
1348 2374 1600 2439 salutis:
1642 2392 1845 2459 *nam
1913 2374 2048 2456 qui
2116 2393 2220 2453 se,
2297 2374 2503 2458 inquit
2571 2375 2907 2458 apostoluS‚

658 2479 1073 2545 existimat
1142 2498 1311 2544 esse
1379 2479 1723 2561 aliquid,
1792 2498 1964 2545 cum
2031 2480 2237 2545 nihil
2306 2481 2446 2561 sit,
2515 2499 2594 2544 se
2659 2480 2981 2560 ipsumw

554 2585 638 2651 36
657 2583 991 2648 seducit.
1068 2582 1187 2647 nisi
1233 2582 1394 2647 forte
1439 2582 1577 2662 tibi,
1626 2601 2054 2667 quaecumque
2096 2584 2211 2649 illa
2257 2603 2339 2661 es,
2387 2584 2703 2649 reuelatus
2733 2601 2770 2647 a
2798 2583 2910 2646 deo

657 2687 876 2752 modus
933 2686 1020 2750 sit
1075 2685 1394 2770 largitatis
1438 2687 1501 2750 et
1545 2687 1963 2769 praescriptos
2008 2705 2045 2750 a
2088 2687 2314 2769 spiritu
2369 2690 2582 2752 sancto
2643 2684 2912 2752 donandi

657 2792 955 2855 terminos
984 2789 1236 2872 habeaS,
1274 2806 1424 2871 quos
1459 2789 1668 2852 excedi
1700 2790 2025 2869 piaculum
2056 2794 2259 2871 putes„
2304 2808 2378 2854 ac
2406 2789 2911 2873 transgressionis

658 2894 1105 2975 quodammodo
1163 2908 1360 2973 genus
1415 2891 1673 2973 iudices,
1734 2893 1785 2956 si
1830 2892 2182 2975 religiosior
2237 2893 2427 2957 fueris
2483 2912 2673 2975 quam
2718 2912 2757 2957 a
2800 2893 2910 2956 deo

659 3013 792 3059 esse
835 2994 1123 3058 iubearis.
1199 2994 1254 3057 si
1298 2994 1395 3058 ita
1438 2995 1553 3071 est,
1612 3012 1736 3059 non
1783 2994 2075 3078 prohibeo
2134 2999 2282 3077 quin
2328 2997 2524 3062 utaris
2569 2996 2836 3061 scientia
2876 3013 2981 3060 ass

661 3096 993 3162 diuinitate
1014 3148 1021 3154 .
1039 3113 1349 3160 concessa.
1410 3097 1626 3177 quodsi
1670 3098 1806 3162 tam
1837 3098 2068 3163 falsum
2099 3100 2195 3164 est
2224 3100 2341 3165 hoc
2370 3118 2556 3182 quam
2587 3098 2912 3177 friuulum‚

661 3217 819 3282 quae
865 3198 1110 3264 insania
1156 3201 1271 3275 est,
1316 3201 1392 3264 ut
1435 3217 1558 3265 non
1602 3204 1838 3283 quanta
1879 3207 2053 3284 potes
2083 3204 2337 3267 omnino
2383 3202 2577 3267 facias
2613 3219 2723 3283 per
2765 3220 2910 3266 cau-

660 3307 794 3368 tam
828 3305 903 3367 et
947 3301 1238 3367 timidam
1295 3302 1736 3383 prouisionem,
1797 3322 1937 3369 cum
1995 3306 2245 3387 ignores
2301 3307 2551 3386 penitus
2596 3304 2744 3387 quid
2791 3303 2911 3369 tibi

661 3406 952 3489 conpetat
992 3406 1072 3470 ad
1117 3406 1432 3471 salutem?

867 3576 932 3629 19
978 3575 1098 3629 Gal.
1136 3576 1185 3642 6,
1221 3576 1255 3629 3

761 3734 795 3787 5
830 3733 917 3788 illi
953 3749 1023 3787 ex
1057 3732 1149 3787 ille
1186 3748 1322 3788 corr.
1360 3748 1428 3786 m.
1466 3735 1506 3786 2
1541 3731 1597 3784 Β
1793 3732 1828 3785 6
1871 3730 2179 3801 substantie
2213 3731 2269 3784 Β
2467 3732 2496 3785 7
2534 3731 2914 3801 subpeditante

657 3819 710 3872 Β
759 3821 844 3887 (in
877 3821 933 3873 A
967 3836 1037 3874 m.
1072 3823 1110 3874 2
1155 3818 1417 3889 suppedit.
1471 3822 1596 3873 ante
1643 3818 1837 3873 defecit
1879 3820 2120 3873 mutauit
2165 3820 2229 3874 in
2274 3819 2484 3874 suffecit
2529 3819 2622 3873 sed
2666 3823 2791 3873 ante
2826 3819 2914 3873 de-

660 3907 812 3974 fecit)
1019 3907 1055 3961 8
1105 3906 1252 3960 illico
1305 3908 1361 3958 A
1567 3905 1600 3958 9
1653 3905 1971 3959 inlucessere
2018 3906 2072 3959 Β
2283 3905 2348 3960 10
2402 3922 2675 3960 occassum
2722 3908 2776 3960 A

663 3993 722 4045 11
762 3991 969 4060 possint
1005 3992 1117 4045 AB
1323 3992 1387 4045 13
1422 3990 1644 4060 lyghnis
1681 3991 1800 4045 AB
1999 3993 2066 4045 14
2100 3991 2294 4046 defecit
2330 3991 2443 4046 AB
2648 3992 2710 4047 17
2750 4007 2805 4045 se
2843 4008 2913 4046 ex

659 4083 768 4132 esse
805 4093 942 4133 corr.
979 4093 1048 4131 m.
1083 4081 1123 4131 2
1159 4078 1213 4131 Β
1419 4076 1487 4131 24
1531 4077 1733 4131 iudices
1771 4078 1801 4131 b
1805 4094 1876 4147 p:
1931 4077 2130 4131 iudices
2166 4093 2234 4133 eae
2268 4078 2461 4132 iudicis
2496 4093 2637 4134 corr.
2658 4091 2744 4131 ‘m.
2780 4079 2822 4132 2
2855 4077 2909 4130 Β

660 4164 864 4218 iudicas
919 4179 986 4217 ex
1036 4163 1231 4218 iudicis
1275 4180 1415 4218 corr.
1453 4180 1520 4218 m.
1556 4165 1599 4217 2
1647 4166 1704 4216 A
1909 4164 1976 4218 26
2029 4165 2281 4218 friuolam
2336 4180 2403 4218 ecc
2454 4164 2713 4219 friuulum
2771 4179 2910 4218 corr.

658 4250 952 4305 m.2AB
