3380 4919
647 328 775 393 242
1621 322 1937 377 Saluiani

648 513 927 579 animum
975 512 1266 579 offerendi
1310 512 1498 589 dedit,
1547 515 1612 576 et
1653 510 1798 596 plus
1829 510 1951 577 sibi
1994 510 2057 574 in
2101 511 2198 575 his
2243 527 2403 591 quac
2452 511 2563 574 deo
2608 509 2908 591 relinquit

648 618 954 697 praestari
999 619 1303 694 aestimet,
1350 634 1537 698 quam
1579 615 1646 679 in
1693 613 1824 679 illis
1861 631 2019 696 quae
2059 615 2239 696 'prius
2284 613 2537 679 habuit:
2585 615 2729 695 quia
2772 613 2909 692 hoc,

649 720 811 801 quod
868 721 1132 786 habetur
1175 718 1252 785 ab
1312 719 1584 799 homine,
1642 715 2099 798 temporarium
2154 719 2268 794 est,
2329 715 2494 797 quod
2540 717 2754 780 autem
2799 716 2909 781 deo

543 822 627 888 56
648 822 1052 905 relinquitur,
1122 823 1594 904 sempiternum.
1677 822 1917 901 totum,
1983 819 2190 900 inquit
2258 818 2514 901 aliquis,
2586 819 2909 887 oblaturus

648 928 790 991 est?
865 928 931 991 at
996 944 1110 1009 ego
1173 924 1311 990 dico
1368 943 1500 989 esse
1557 925 1674 990 hoc
1734 924 1941 989 totum
1984 942 2222 1006 parum.
2298 922 2451 1004 quid
2498 921 2710 986 enim?
2783 925 2912 987 iam
2954 942 2980 983 5

647 1029 765 1093 scit
810 1028 1038 1111 aliquis
1083 1047 1164 1093 an
1207 1032 1609 1110 peccatorum
1656 1046 2019 1093 mensuram
2054 1027 2265 1091 oblata
2311 1029 2737 1106 conpensent?
2780 1026 2912 1090 iam

651 1130 775 1195 scit
820 1131 1047 1213 aliquis
1093 1151 1173 1196 an
1218 1132 1471 1196 tantum
1518 1131 1605 1195 sit
1654 1130 1722 1195 in
1769 1130 1973 1195 officio
2020 1129 2412 1211 placationis
2466 1130 2769 1210 quantum
2815 1130 2911 1193 est

650 1236 716 1298 in
763 1233 1101 1299 offensione
1145 1235 1574 1299 discriminis?
1620 1234 1677 1300 si
1722 1235 1899 1299 nouit
1944 1236 2275 1316 quisquam
2320 1233 2650 1298 hominurn
2694 1251 2910 1314 pecca-

650 1341 859 1402 torum
935 1338 1151 1419 quanti
1225 1340 1529 1404 redimere
1603 1337 1840 1402 delicta
1912 1337 2127 1419 possit,
2204 1339 2423 1400 utatur
2493 1335 2757 1401 scientia
2832 1335 2910 1400 ad

650 1441 1163 1524 redemptionem.
1226 1441 1281 1505 si
1323 1460 1473 1506 uero
1519 1440 1738 1519 nescit,
1783 1459 1892 1505 cur
1925 1459 2046 1504 non
2076 1440 2332 1504 tantum
2360 1437 2579 1502 offerat
2609 1442 2910 1520 quantum
2929 1459 2981 1498 ιο

652 1546 904 1624 potest?
951 1545 1043 1625 ut,
1093 1544 1150 1608 si
1195 1563 1564 1628 conpensare
1594 1547 1851 1627 peccata
1880 1563 2005 1611 non
2036 1545 2207 1609 ualet
2239 1542 2430 1624 pretii
2459 1542 2911 1624 magnitudine,

652 1648 868 1711 saltim
940 1649 1170 1712 mentis
1243 1647 1571 1712 deuotione
1647 1650 2001 1729 conpenset.
2099 1645 2449 1728 perfectum
2524 1647 2689 1710 enim
2765 1664 2913 1711 con-

653 1751 951 1814 scientiae
996 1750 1273 1815 fructum
1320 1752 1567 1816 exhibet
1613 1753 1719 1832 qui
1764 1754 1933 1816 intra
1965 1748 2411 1815 conscientiam
2454 1749 2556 1817 nil⁴
2593 1747 2909 1830 relinquit.

549 1852 631 1915 57
655 1856 812 1917 dura
868 1853 1156 1917 nonnulli
1213 1854 1370 1919 haec
1425 1854 1658 1936 absque
1715 1854 1905 1920 dubio
1951 1854 2016 1918 et
2081 1854 2513 1917 inmensurata
2557 1853 2908 1929 causantur,

652 1954 922 2019 maxime
966 1955 1114 2037 quia
1155 1957 1458 2039 propheta
1502 1959 1576 2037 is,
1624 1961 1699 2024 de
1746 1976 1866 2039 quo
1901 1957 2185 2034 diximus,
2234 1953 2654 2037 Babylonium
2695 1971 2908 2035 regem
2927 1977 2983 2018 15

655 2057 771 2123 hoc
815 2059 1064 2123 tantum
1127 2058 1521 2126 admonuisse
1578 2060 1890 2139 uideatur,
1961 2060 2033 2124 ut
2077 2059 2282 2123 multa
2326 2047 2603 2131 donaret,
2673 2074 2794 2121 non
2837 2061 2912 2125 ut

658 2160 950 2247 uniuersa
994 2159 1382 2225 distraheret.
1441 2181 1563 2227 non
1586 2224 1589 2225 Β
1609 2162 1851 2244 profero
1896 2161 2153 2226 interim
2198 2160 2556 2225 testimonia
2600 2160 2913 2244 euangelii

656 2280 773 2326 nec
818 2262 1100 2346 confugio
1147 2265 1225 2329 ad
1273 2283 1491 2331 uocem
1549 2266 1862 2348 loquentis
1908 2266 2037 2330 dei:
2096 2281 2220 2329 non
2282 2264 2415 2329 dico
2480 2262 2653 2330 aliud
2703 2267 2912 2329 uetere

655 2364 827 2429 aliud
872 2384 1034 2431 noua
1076 2367 1214 2450 lege
1260 2370 1679 2451 praeceptum.
1743 2369 1906 2433 unde
1952 2368 2146 2438 etiam
2193 2367 2513 2459 apostolus
2559 2384 2772 2450 ecce,
2818 2366 2912 2430 in-

656 2456 821 2550 quit,
890 2472 1163 2535 uetera
1231 2464 1774 2557 transierunt,
1841 2454 2057 2537 facta
2122 2475 2304 2536 sunt
2368 2470 2626 2546 omnia
2687 2488 2986 2559 nnouasto

654 2559 910 2637 omnia
975 2576 1242 2638 autem
1311 2594 1397 2640 ex
1461 2579 1631 2642 deo:
1702 2576 1927 2657 quibus
1984 2575 2200 2658 utique
2258 2573 2453 2664 docet,
2522 2590 2644 2642 non
2702 2574 2914 2636 uetera

655 2676 998 2758 secundum
1064 2676 1341 2741 litteram
1401 2682 1504 2744 sed
1561 2697 1724 2743 noua
1788 2680 2131 2744 secundum
2192 2679 2375 2743 deum
2434 2695 2565 2740 esse
2611 2674 2913 2740 facienda.

550 2773 634 2839 58
655 2778 770 2842 hoc
815 2779 944 2843 solo
987 2779 1247 2843 interim
1293 2782 1623 2846 contentus
1668 2800 1830 2861 sum,
1896 2784 2055 2864 quod
2112 2782 2414 2864 propheta
2459 2778 2635 2843 dixit.
2712 2796 2913 2852 sermo

658 2881 826 2945 enim
872 2882 929 2945 ei
974 2901 1115 2946 cum
1162 2900 1306 2964 rege
1353 2887 1485 2948 erat
1530 2885 1594 2949 et
1639 2883 1891 2967 quidem
1939 2903 2083 2949 cum
2126 2902 2274 2966 rege
2322 2902 2446 2947 non
2491 2881 2675 2947 unius
2721 2882 2913 2960 urbiS,

656 2986 780 3061 sed,
848 2988 920 3048 ut
966 2988 1117 3049 tunc
1158 2983 1507 3063 uidebatur,
1575 2987 1772 3051 totius
1832 2987 2019 3066 orbiS,
2089 2987 2197 3070 qui
2241 2990 2460 3076 utique
2505 3003 2629 3051 non
2673 2989 2916 3067 poterat
2934 3011 2986 3052 85

657 3087 912 3168 populos
958 3105 1109 3169 quos
1154 3088 1410 3172 regebat
1454 3108 1561 3171 per
1605 3090 2055 3155 testamentum
2101 3091 2310 3178 egenis
2346 3089 2586 3154 tradere
2618 3091 2683 3151 et
2712 3090 2915 3153 natio-

863 3292 929 3345 19
975 3290 1033 3345 II
1070 3290 1185 3346 Cor.
1222 3292 1274 3357 5,
1314 3289 1380 3345 1'7

758 3479 788 3531 1
836 3478 1107 3549 relinquid
1140 3496 1208 3533 m.
1247 3484 1277 3533 1
1326 3479 1381 3533 Β
1585 3480 1620 3533 2
1666 3480 1977 3547 praestatis.
2030 3480 2247 3533 estimet
2296 3480 2392 3533 sed
2440 3480 2536 3532 itat
2571 3484 2634 3533 ut
2655 3495 2703 3531 .a
2737 3480 2817 3532 lit.
2854 3481 2916 3532 in

653 3581 766 3619 ras.
803 3582 920 3620 non
968 3567 1187 3620 omnimo
1232 3566 1527 3620 euanuerit
1561 3567 1616 3620 A
1682 3565 1976 3634 praestaria
2009 3566 2228 3633 estimet
2274 3565 2329 3618 Β
2533 3566 2579 3617 4·
2618 3565 2813 3633 inquid
2857 3569 2921 3619 ut

655 3650 825 3719 paulo
859 3656 990 3705 amtc
1027 3652 1082 3704 Β
1286 3652 1321 3704 5
1367 3654 1427 3705 at
1461 3668 1533 3706 ex
1567 3651 1635 3705 ad
1673 3666 1813 3708 corr.
1847 3668 1915 3705 m.
1953 3655 1988 3705 2
2034 3651 2145 3705 AB
2353 3651 2386 3703 9
2434 3650 2626 3719 quanti
2660 3650 2922 3704 Halmius

657 3736 903 3803 conferri
947 3737 1143 3791 iubens
1177 3742 1227 3800 §.
1264 3739 1362 3791 59:
1413 3738 1527 3805 ipse
1575 3738 1713 3791 sciat
1757 3738 1947 3805 quanti
1991 3737 2237 3790 debuerit
2280 3736 2535 3790 redimere
2584 3751 2717 3805 quae
2759 3736 2919 3791 fecitx

657 3824 919 3889 quantum
954 3824 1009 3876 A
1059 3823 1259 3891 quanto
1283 3838 1350 3877 σω
1372 3825 1633 3891 quantum
1658 3839 1803 3878 corr.
1828 3840 1898 3877 m.
1923 3827 1960 3878 2
1986 3823 2043 3877 Β
2089 3824 2295 3892 quanta
2319 3822 2747 3882 Rittershwsiuc3
2784 3823 2920 3888 fort.

658 3906 816 3963 scrib.
854 3906 913 3960 in
949 3911 1212 3976 quantum
1420 3909 1488 3963 10
1533 3909 1610 3963 sic
1647 3914 1667 3976 (
1677 3915 1870 3978 Μαι.
1906 3912 1956 3974 c)
1991 3924 2329 3978 compensare
2365 3908 2420 3961 Β
2591 3953 2594 3954 ⁷
2625 3908 2691 3961 11
2727 3910 2922 3976 praetii

658 3993 715 4045 A
922 3995 989 4048 12
1034 3995 1226 4048 saltem
1273 4010 1357 4054 ex,
1385 3995 1569 4050 saltim
1614 4011 1754 4052 corr.
1800 4013 1871 4050 m.
1908 3998 1949 4049 2
1995 3996 2051 4050 A
2262 3994 2323 4048 17
2377 3994 2681 4063 aeuangelii
2721 3999 2922 4061 ρωποι.

652 4079 843 4145 priore
877 4096 909 4133 a
936 4082 999 4148 ,A
1110 4119 1115 4125 .
1174 4080 1240 4133 18
1274 4080 1646 4144 aliut—aliut
1680 4080 1737 4141 A
1929 4080 1994 4133 19
2029 4079 2221 4149 inquid
2241 4080 2314 4134 ,Β
2502 4078 2568 4133 21
2605 4082 2786 4132 autem
2820 4095 2921 4134 om.

659 4166 714 4219 A
749 4170 803 4219 ct
837 4181 881 4219 8.
915 4166 950 4219 l.
987 4165 1119 4220 add.
1157 4182 1227 4224 m.
1263 4168 1306 4219 2
1349 4173 1437 4219 eux
1472 4169 1607 4234 (non
1642 4168 1822 4220 antem
1859 4171 1925 4220 ut
1960 4182 2027 4222 ex
2063 4165 2198 4221 adn.
2232 4165 2451 4220 Halmii
2484 4165 2782 4234 collcqeris)

659 4250 729 4303 25
764 4252 810 4303 &
844 4254 973 4305 tunc
1000 4257 1198 4319 punct.
1237 4252 1284 4304 ἀ
1320 4256 1371 4305 et
1403 4266 1446 4304 s·
1480 4266 1582 4305 scr.
1621 4267 1687 4304 m.
1725 4254 1766 4305 2
1815 4257 1876 4305 nt
1912 4253 1967 4305 A

126 4355 641 4570 'N
