3380 4919
1111 322 1184 376 de
1218 320 1485 391 gubern.
1521 321 1625 376 dei
1658 322 1740 377 VI
1781 326 1811 387 9
1848 322 2064 377 73-81.
2585 324 2703 398 147

469 511 707 578 urbem.
756 510 953 576 hostis
1017 509 1302 577 intraret.
1370 510 1523 577 adeo
1546 511 1796 578 *etiam*
1827 512 1996 595 deus:
2034 513 2196 594 ipsis.
2215 558 2220 577 .
2237 510 2574 593 euidenter,
2634 514 2706 580 ut

466 614 670 693 oredo,
694 614 1116 680 ⁴manifestare
1157 613 1356 679 uoluit
1398 631 1525 679 cur.
1542 613 1841 697 perirent,
1888 624 2049 694 cum,
2093 627 2205 701 per
2225 678 2228 689 ,
2246 633 2432 696 quam
2466 633 2598 681 rem
2625 618 2704 685 ad

468 717 882 800 perditionem
910 717 1215 784 ultimam
1261 716 1583 794 uenerant,
1631 734 1770 783 eam
1815 716 2016 799 ipsam
2059 718 2320 801 agerent
2352 735 2494 785 cum
2523 723 2702 801 peri-

467 825 625 886 rent.
669 820 803 887 uidi
847 838 958 904 ego
1001 820 1136 887 illic
1177 838 1277 886 res
1322 818 1761 901 lacrimabiles,
1808 819 1967 901 nihil
2003 819 2258 905 scilicet
2290 820 2453 889 inter
2484 836 2703 911 pueros
2726 819 2805 884 78

404 944 452 986 a
469 924 733 991 differre
758 926 831 988 et
864 942 1056 989 senes
1128 926 1253 989 'una
1298 924 1459 989 erat
1475 923 1842 990 scurrilitas
1855 942 1987 991 una
2029 923 2287 1003 leuitas,
2335 924 2540 995 simul
2569 942 2701 990 om-

467 1026 591 1105 nia,
637 1025 818 1092 luxus
863 1026 1215 1108 potationes
1259 1025 1666 1109 perditiones·
1649 1075 1667 1111 ,
1742 1027 1968 1099 cuncta
2023 1045 2262 1093 omnes
2282 1028 2514 1110 pariter
2551 1046 2703 1112 age·

466 1129 639 1207 bant,-
705 1128 1031 1195 ludebant
1076 1129 1476 1196 ebriebantur
1548 1129 2076 1197 moechabantur:
2149 1129 2563 1217 lasciuiebant
2635 1131 2702 1197 in

469 1233 768 1298 conuiuiis
814 1233 1014 1298 netuli
1057 1238 1121 1299 et
1164 1231 1469 1312 honorati,
1526 1234 1607 1299 ad
1649 1234 1987 1315 uiuendum
2029 1252 2215 1317 prope
2258 1235 2383 1317 iam
2427 1233 2702 1300 inbecilli

467 1338 543 1403 ad
588 1335 805 1405 uinum
836 1335 1395 1418 ⁴praemalidissimi,
1457 1335 1692 1415 infirmi
1738 1336 1813 1405 ad
1859 1334 2308 1419 ambulandum
2344 1337 2580 1409 robusti
2626 1339 2703 1405 ad

396 1462 448 1503 ιο
465 1437 824 1519 bibendum,
881 1439 960 1505 ad
1014 1457 1299 1522 gressum
1356 1438 1707 1511 nutabundi
1749 1441 1829 1504 ad
1874 1439 2248 1517 saltandum·
2277 1439 2564 1525 expediti.
2640 1440 2703 1504 et
2724 1439 2803 1504 79

468 1541 614 1625 quid
669 1542 889 1624 plura?
953 1542 1021 1608 ιιι
1083 1542 1362 1627 hocper
1392 1546 1644 1621 *cuncta
1687 1542 1818 1620 illa,
1865 1560 2021 1624 quae
2066 1543 2351 1622 diximus,
2421 1542 2704 1613 deuoluti

460 1649 632 1724 sunt,
682 1647 754 1711 ut
792 1644 1208 1727 compleretur
1252 1646 1316 1710 in
1362 1647 1450 1723 eis
1496 1645 1734 1711 dictum
1787 1644 1948 1709 illud
1989 1645 2289 1713 sermonis
2319 1645 2520 1731 sacri:
2588 1645 2701 1711 ui-

465 1767 636 1813 num
683 1751 758 1812 et
801 1748 1170 1813 mulieres
1216 1750 1689 1830 apostatare·
1720 1748 2034 1815 faciunt
2077 1766 2115 1812 a
2158 1749 2313 1831 deo.
2376 1767 2520 1814 nam
2550 1749 2700 1815 dum

465 1851 689 1918 bibunt
742 1852 971 1923 ludunt
1004 1850 1426 1925 ‚moechantur
1491 1850 1826 1932 insaniunt,
1887 1846 2234 1935 Christums
2261 1868 2496 1937 negare
2563 1869 2697 1921 coe·

398 1956 706 2035 rsperunt.
767 1957 832 2019 et
862 1955 1160 2023 miramur
1205 1958 1346 2037 post
1390 1955 1516 2021 ista
1559 1956 1783 2034 omnia,
1830 1954 1886 2019 si
1915 1953 2164 2021 ruinam
2194 1972 2402 2020 rerum
2446 1974 2700 2023 suarum
2816 2022 2819 2025 ,

464 2058 630 2141 passi
675 2057 840 2140 sunt,
886 2058 994 2140 qui
1040 2058 1217 2125 tanto
1261 2061 1405 2135 ante
1450 2060 1764 2124 mentibus
1803 2057 2191 2123 conruerunt.
2265 2076 2443 2125 nemo
2489 2057 2698 2141 itaque

465 2161 682 2227 urbem
725 2160 904 2227 illam
959 2163 1026 2228 in
1071 2146 1305 2227 excidio
1350 2180 1458 2227 suo
1502 2162 1750 2235 tantum
1802 2161 2032 2243 perisse
2077 2159 2315 2226 credat·
2382 2159 2490 2224 ubi
2535 2161 2698 2245 enim

464 2263 620 2329 talia
665 2245 804 2353 acta
848 2267 1015 2343 sunt,
1060 2264 1231 2346 prius
1277 2264 1406 2329 iam
1448 2263 1759 2344 perierant
1804 2281 2016 2344 quam
2031 2261 2327 2343 perirent.

549 2381 761 2447 XIIII.
831 2383 974 2449 Dixi
1040 2384 1114 2449 de
1172 2382 1451 2449 urbibus
1472 2382 2016 2465 praeclarissimis.
2082 2381 2260 2464 quid
2293 2381 2565 2464 reliquae
2631 2383 2697 2447 ιιι
2687 2324 2802 2444 80

391 2503 448 2546 ιο
466 2485 722 2552 diuersis
771 2486 1126 2553 Galliarum
1171 2487 1456 2568 partibus
1503 2486 1844 2550 ciuitates?
1891 2485 2193 2568 numquid
2223 2495 2355 2550 ιιοιι
2401 2485 2693 2550 consimi-

469 2589 634 2655 libus
680 2590 1103 2656 habitatorum
1148 2609 1398 2655 suorum
1428 2590 1603 2653 ultiis
1631 2588 2076 2653 conciderunt?
2117 2593 2265 2652 nam
2309 2586 2401 2651 ita
2443 2591 2694 2653 cunctos

465 2692 724 2758 crimina
767 2709 883 2758 sua
932 2693 1357 2775 possederant,
1407 2694 1479 2757 ut
1537 2709 1652 2755 nec
1697 2693 2043 2755 metuerent
2084 2690 2428 2773 periculum
2473 2708 2693 2756 suum:

463 2796 981 2877 praenoscebatur
1045 2794 1374 2878 captiuitas
1441 2811 1555 2859 nec
1617 2792 2089 2858 formidabatur.
2162 2792 2432 2860 ablatus
2470 2792 2695 2875 quippe

465 2899 597 2962 erat
643 2916 681 2962 a
722 2898 1140 2981 peccatoribus
1186 2898 1392 2980 timor,
1437 2916 1514 2961 ne
1557 2897 1765 2979 posset
1783 2923 1786 2926 ·
1807 2913 1935 2961 esse
1981 2895 2241 2962 cautela.
2301 2896 2512 2977 itaque
2559 2896 2695 2962 bar-

396 3015 446 3057 as
466 2997 630 3062 baris
696 3017 891 3081 paene
956 2998 1026 3063 in
1092 2999 1433 3081 conspectu
1492 2997 1772 3062 omnium
1835 2994 1988 3062 sitis·
2036 2997 2244 3062 nullus
2301 3002 2432 3062 erat
2488 3002 2693 3086 metus

464 3101 802 3185 hominum,
849 3120 971 3167 non
1014 3101 1296 3166 'custodia
1340 3099 1690 3164 ciuitatum.
1754 3102 1935 3166 tanta
1976 3101 2324 3166 animorum
2368 3101 2471 3170 uel
2514 3103 2695 3167 tanta
2781 3186 2785 3191 ι

462 3205 679 3286 potius·
709 3206 1096 3287 peccatorum
1154 3204 1418 3269 caecitas
1466 3202 1605 3280 fuit,
1671 3206 1742 3267 ut
1794 3221 1935 3268 cum
1957 3261 1960 3266 .
1980 3204 2210 3284 absque
2251 3204 2439 3270 dubio
2483 3204 2694 3270 nullus

462 3308 661 3387 perire
704 3306 922 3387 uellet,
982 3306 1192 3372 nullus
1248 3310 1459 3371 tamen
1513 3305 1579 3368 id
1636 3309 1844 3389 ageret
1891 3324 1965 3369 ne
2021 3306 2272 3388 periret.
2348 3308 2550 3370 totum
2595 3307 2692 3370 in-
2713 3308 2792 3372 81

463 3410 635 3473 curia
679 3413 740 3474 et
782 3409 1092 3492 segnities,
1148 3411 1352 3473 totum
1396 3407 1791 3491 neglegentia
1835 3412 1897 3472 et
1947 3408 2115 3491 gula,
2176 3409 2378 3474 totum
2422 3403 2692 3473 ebrietas
2819 3419 2826 3426 “

385 3514 528 3576 aoet
569 3512 981 3606 somnolentia
1034 3511 1447 3594 possidebant,
1503 3509 1836 3575 secundum
1890 3509 2048 3576 illud
2090 3510 2347 3594 scilicet,
2410 3512 2570 3590 quod
2614 3512 2689 3575 de

664 3671 731 3726 12
759 3672 958 3754 'Eccles
996 3673 1076 3741 19,
1113 3671 1146 3726 2

565 3819 592 3872 1
630 3818 736 3887 ipsi
769 3819 825 3872 B
1012 3820 1046 3872 5
1081 3818 1324 3873 differret
1348 3831 1503 3872 senes
1537 3819 1592 3872 B
1784 3817 1814 3871 7
1850 3816 2262 3872 moechabantur
2295 3819 2688 3911 Momm-senus?

456 3903 812 3959 enecabantur
847 3904 977 3960 bibra·
998 3919 1214 3973 onmes;
1252 3905 1355 3971 cfr.
1377 3905 1546 3974 paulo
1563 3909 1717 3973 post:
1753 3903 1949 3958 bibunt
1983 3903 2177 3958 ludunt
2212 3904 2555 3960 moechantur

463 3989 528 4042 11
563 3988 814 4044 deuolute
847 3991 902 4044 B
1105 3990 1170 4043 17
1216 3990 1272 4043 ιιι
1307 3991 1509 4045 excidio
1542 3990 1690 4045 ‘deum
1726 3990 1998 4044 excidium
2030 3990 2260 4059 patitur
2297 3993 2691 4060 interpretatum

459 4074 718 4130 Halmvus
923 4076 988 4130 18
1039 4075 1304 4144 petierent
1353 4074 1449 4130 sed
1493 4091 1520 4129 e
1548 4075 1698 4130 med.
1735 4080 1950 4144 punct„
1980 4076 2035 4130 Α.
2238 4076 2305 4129 22
2355 4077 2693 4145 possederant

456 4161 664 4229 scripsi,
715 4163 1012 4229 presserant
1055 4162 1166 4215 AB
1184 4162 1468 4229 Halmius3
1531 4161 1675 4227 conf.
1720 4164 1836 4227 157,
1872 4164 1949 4216 24
2173 4161 2242 4215 24
2286 4162 2456 4231 pessit
2496 4163 2558 4217 Ἀ
2637 4189 2644 4192 -

454 4245 527 4299 25
561 4248 736 4300 metus
771 4249 888 4300 erat
919 4247 975 4300 B

2319 4385 2322 4388 ,
2382 4349 2491 4403 1οα
