3380 4919
657 331 744 397 40
1136 327 1447 381 Saluiani
1484 327 1556 380 de
1591 327 1866 396 gubern.
1905 327 2011 380 dei
2049 327 2175 395 11&
2213 328 2433 382 26-28.

664 510 1039 584 conscientia
1094 515 1291 583 bonae
1345 535 1563 582 causae
1627 536 1749 583 non
1821 520 1953 583 tam
2011 518 2377 601 suffragium
2435 516 2668 582 domini
2723 538 2909 600 quam

659 621 960 687 iudicium
1002 622 1379 704 deprecatur,
1414 623 1558 703 quia
1589 622 1785 686 bonae
1815 640 2037 686 causae
2067 621 2377 702 optimum
2409 640 2649 703 semper
2679 621 2909 686 suffra-

617 742 626 751 ·
659 727 834 809 gium
875 724 1197 802 tribuitur,
1245 724 1299 788 si
1346 742 1488 788 cum
1533 725 1775 790 iustitia
1805 724 2139 789 iudicetur.
2198 723 2350 789 alibi
2383 742 2624 807 quoque
2657 725 2909 788 euiden-

554 828 935 897 27tissime:
998 828 1294 909 iudica,
1355 827 1693 906 domine,
1753 832 2131 893 nocentes
2189 847 2328 899 me.
2386 846 2743 911 expugna
2799 829 2909 892 in-

657 932 1099 1015 pugnantes
1158 950 1298 995 me:
1359 931 1859 1012 adprehende
1917 950 2123 997 arma
2177 937 2251 996 et
2312 933 2620 996 scutum
2677 936 2750 995 et
2797 951 2909 996 ex·
2951 951 2978 992 5

659 1053 899 1117 surge
953 1036 1029 1099 in
1099 1035 1583 1100 adiutorium
1652 1035 1863 1099 mihi.
1952 1037 2125 1101 uides
2183 1037 2374 1100 etiam
2433 1036 2547 1100 hoc
2601 1036 2734 1100 loco
2789 1052 2910 1100 non

657 1138 858 1202 futuri
917 1139 1213 1203 examinis
1271 1139 1674 1203 seueritatem
1729 1139 1833 1202 sed
1902 1156 2232 1203 censuram
2287 1139 2627 1220 praesentis
2692 1138 2909 1203 iudicii

657 1241 980 1322 postulari.
1027 1240 1144 1306 hoc
1174 1243 1270 1306 est
1316 1241 1481 1306 enim
1513 1241 1671 1306 illud
1718 1241 1879 1324 quod
1926 1241 2043 1306 ait:
2092 1237 2506 1324 ‘adprehende
2550 1245 2795 1307 scutum
2844 1243 2909 1306 et

661 1344 864 1425 arripe
910 1333 1247 1426 gladium’,
1307 1348 1557 1410 scutum
1603 1345 1840 1409 scilicet
1885 1347 1960 1410 ad
2006 1346 2450 1427 protectionem
2507 1344 2787 1428 gladium
2832 1348 2909 1410 ad

656 1443 994 1509 ultionem:
1058 1463 1179 1509 non
1240 1448 1384 1528 quia
1440 1445 1555 1510 hoc
1612 1445 1895 1511 iudicans
1954 1445 2104 1509 deus
2161 1447 2342 1529 egeat
2386 1450 2717 1529 apparatu,
2777 1448 2903 1527 sed,
2927 1466 2978 1506 10

657 1548 802 1629 quia
843 1549 909 1611 in
953 1547 1068 1612 hoc
1112 1548 1354 1612 saeculo
1396 1548 1552 1613 haec
1582 1548 1965 1625 terribilium
2012 1568 2219 1613 rerum
2251 1549 2502 1614 nomina
2533 1551 2909 1616 terribilium

659 1647 1029 1714 iudiciorum
1100 1653 1246 1715 sunt
1315 1646 1738 1716 instrumenta
1763 1699 1778 1729 ,
1854 1652 1933 1716 ad
2003 1651 2343 1717 humanam
2410 1652 2905 1736 intellegentiam

654 1751 1071 1816 humanarum
1115 1772 1325 1817 rerum
1370 1753 1928 1837 significationibus
1982 1754 2268 1835 loquens,
2328 1755 2473 1836 quia
2527 1755 2789 1820 iudicari
2833 1773 2907 1819 ac

655 1855 959 1920 uindicari
1003 1875 1066 1920 se
1113 1855 1187 1920 de
1229 1857 1601 1921 aduersariis
1663 1855 2065 1938 precabatur,
2134 1876 2246 1938 per
2299 1858 2717 1921 instrumenta
2777 1861 2905 1921 ter-

653 1975 835 2022 renae
892 1961 1074 2023 istius
1131 1959 1391 2024 ultionis
1448 1960 1579 2023 uim
1636 1960 1883 2025 diuinae
1951 1960 2511 2025 animaduersionis
2583 1961 2903 2040 expressit.
2925 1984 2978 2025 15

549 2061 633 2127 28
653 2060 916 2143 denique
963 2061 1113 2126 alibi
1157 2063 1457 2144 propheta
1501 2063 1700 2141 idem,
1762 2063 1911 2144 quid
1971 2064 2136 2126 inter
2178 2081 2471 2144 praesens
2516 2067 2578 2126 et
2623 2063 2907 2128 futurum

656 2162 959 2228 iudicium
1003 2165 1101 2230 dei
1147 2167 1324 2249 esset,
1374 2166 1668 2230 ostendit.
1734 2166 1881 2248 quid
1928 2167 2096 2230 enim
2143 2166 2217 2230 de
2265 2184 2524 2230 censura
2567 2168 2908 2248 praesentis

654 2268 954 2331 examinis
1002 2269 1157 2333 dicit
1204 2271 1278 2333 ad
1326 2271 1689 2333 dominum?
1780 2270 2003 2334 sedes
2050 2289 2289 2352 super
2334 2271 2731 2354 thronum,
2780 2271 2909 2354 qui

651 2368 968 2434 iudicas
1017 2372 1524 2455 aequitatem.
1576 2374 1726 2455 quid
1773 2376 1985 2438 autem
2031 2374 2107 2437 de
2152 2373 2364 2438 futuro
2409 2373 2509 2438 dei
2540 2376 2908 2457 aeternoque

652 2474 927 2540 iudicio?
969 2477 1406 2558 iudicabit,
1453 2476 1690 2559 inquit,
1741 2477 2003 2541 orbem
2046 2479 2312 2543 terrae
2358 2477 2435 2541 in
2482 2479 2976 2559 aequitatem

653 2578 718 2641 et
749 2580 1010 2643 iterum:
1057 2580 1457 2646 iudicabit
1503 2582 1834 2664 populos
1883 2599 2050 2645 cum
2081 2581 2431 2646 iustitia.
2477 2580 2631 2662 ipsis
2664 2580 2907 2644 scilicet

554 2687 561 2732 f
652 2682 857 2745 uerbis
904 2683 1248 2761 praesentis
1306 2683 1604 2764 temporis
1666 2684 1731 2747 et
1774 2683 1975 2748 futuri
2018 2686 2265 2766 tempus
2323 2684 2539 2748 iudicii
2584 2684 2906 2764 utriusque

654 2783 958 2847 distinxit.
996 2787 1067 2848 ut
1099 2785 1264 2848 enim
1299 2803 1585 2867 praesens
1618 2786 1918 2851 iudicium
1951 2788 2321 2861 ostenderet,
2356 2774 2632 2850 ‘iudicas'
2665 2784 2903 2867 posuit:

651 2887 724 2948 ut
780 2887 990 2950 autem
1046 2887 1330 2952 futurum
1390 2888 1805 2971 distingueret
1858 2909 1894 2954 a
1950 2888 2295 2971 praesenti,
2366 2888 2636 2953 subiecit
2691 2892 2905 2969 postea

651 2977 1022 3054 ‘iudicabit'.
1114 2990 1265 3055 haec
1320 2991 1516 3074 igitur
1564 2993 1638 3056 de
1696 3009 1842 3057 cura
1888 3012 2035 3075 erga
2081 3012 2191 3057 nos
2238 2993 2338 3056 dei
2382 2997 2445 3056 et
2489 2991 2903 3073 gubernaculo
2921 3012 2971 3053 π

650 3090 716 3157 et
780 3092 1008 3157 iudicio
1076 3094 1318 3157 ratione
1385 3094 1683 3176 exemplis
1748 3095 2123 3159 testimoniis
2194 3095 2486 3177 probasse
2561 3096 2717 3160 satis
2783 3098 2901 3174 est,

649 3197 917 3259 maxime
963 3196 1110 3279 quia
1155 3198 1368 3277 etiam,
1417 3217 1572 3280 quae
1602 3200 1887 3279 posthoc
1929 3202 2220 3265 secutura
2250 3201 2418 3276 sunt,
2470 3199 2547 3263 ad
2585 3198 2656 3263 id
2700 3199 2905 3279 ipsum

649 3299 858 3363 omnia
911 3300 1336 3382 pertinebunt.
1428 3322 1593 3366 nunc
1637 3302 1692 3368 si
1740 3322 1777 3368 a
1821 3307 1964 3381 dee,
2025 3304 2198 3368 cuius
2254 3303 2576 3384 negotium
2634 3302 2900 3385 agimus,

648 3402 814 3467 uires
859 3405 937 3468 ad
980 3406 1292 3488 agendum
1340 3406 1774 3487 acceperimus,
1824 3426 1897 3471 ea
1944 3424 2102 3488 quae
2133 3410 2347 3470 contra
2376 3407 2527 3470 haec
2560 3404 2635 3468 ab
2685 3408 2901 3468 aduer-

648 3507 829 3572 sariis
878 3505 1001 3571 dici
1043 3506 1277 3586 solent,
1342 3510 1406 3571 et
1449 3508 1723 3589 proferre
1772 3509 1962 3574 simul
2009 3510 2072 3572 et
2116 3508 2390 3572 refutare
2436 3506 2973 3587 temptabimuS.so

854 3693 888 3746 5
921 3690 1064 3744 Psal.
1101 3692 1187 3757 34,
1229 3693 1256 3746 1
1467 3693 1533 3747 19
1569 3694 1712 3747 Psal.
1749 3694 1799 3759 9,
1835 3694 1867 3746 5
1993 3749 1996 3750 ⁷
2075 3691 2143 3744 22
2179 3692 2322 3744 Psal.
2361 3692 2444 3758 95,
2485 3693 2549 3746 13

749 3860 783 3914 3
807 3860 1083 3914 tribuetur
1105 3863 1160 3916 B
1364 3864 1398 3917 9
1423 3867 1627 3933 corripe
1653 3865 1709 3917 Β
1920 3862 1985 3916 12
2008 3861 2429 3930 intelligentiam
2452 3863 2551 3917 hoc
2574 3864 2686 3917 loco
2711 3863 2767 3915 A
2949 3915 2950 3918 ,

643 3947 713 4001 24
758 3947 1128 4015 praesentibus
1174 3948 1230 4001 B
1433 3950 1502 4003 26
1548 3950 1684 4004 satis
1722 3952 1806 4003 est
1841 3949 2093 4017 probasse
2140 3950 2195 4002 Β
2404 3949 2473 4003 30
2508 3956 2636 4019 post
2668 3952 2901 4015 tempta-

643 4034 823 4087 bimus
872 4035 1121 4091 additum
1166 4042 1242 4091 est
1291 4038 1354 4090 in
1399 4036 1534 4092 AB:
1588 4050 1850 4090 EXPLICIT
1897 4050 2063 4089 LIBER
2112 4051 2409 4092 semineus,
2469 4051 2685 4091 mmm
2729 4050 2902 4089 menn

646 4136 881 4175 TERTIUS
921 4123 1142 4188 (tercius
1179 4123 1275 4191 B).

125 4477 701 4821 (N

1569 4299 1981 4308 —-.-—
