3380 4919
1037 344 1109 398 de
1147 344 1413 413 gubern.
1451 344 1554 398 dei
1590 344 1731 399 VIII
1780 349 1810 410 ξ
1848 345 2031 399 7-12.
2543 346 2663 412 195

402 534 707 600 Afrorum
754 535 1118 600 daemonem
1176 534 1344 599 dico:
1414 532 1515 597 cui
1559 535 1720 611 ideo,
1789 533 1861 597 ut
1903 550 2055 611 reor,
2123 535 2373 598 ueteres
2430 535 2662 616 pagani

400 640 535 703 tam
579 639 894 721 speciosae
939 635 1377 720 appellationis
1434 635 1697 701 titulum
1756 635 2073 709 dederunt,
2133 640 2223 713 ut,
2287 636 2435 717 quia
2478 635 2544 700 in
2592 654 2661 699 eo

401 759 522 806 non
586 746 717 806 erat
776 759 1027 817 numen,
1084 738 1186 804 uel
1229 757 1453 804 nomen
1511 743 1690 816 esset,
1754 742 1818 802 et
1862 738 2008 821 quia
2054 757 2178 802 non
2226 738 2493 805 habebat
2542 739 2660 803 ali-

402 864 592 927 quam
639 864 711 909 ex
757 844 1068 925 potestate
1098 843 1425 921 uirtutem,
1471 841 1736 907 haberet
1765 842 1981 906 saltim
2012 861 2082 906 ex
2114 841 2419 907 uocabulo
2454 842 2660 925 digni-

358 949 617 1014 5tatem.
688 947 826 1028 quis
885 967 1027 1032 ergo
1086 945 1185 1012 illi
1242 945 1408 1011 idolo
1452 963 1574 1010 non
1618 944 1959 1010 initiatus?
2026 947 2163 1027 quis
2208 965 2331 1012 non
2380 964 2417 1010 a
2460 947 2659 1027 stirpe
2683 946 2766 1014 10

400 1052 536 1131 ipsa
589 1051 849 1115 forsitan
908 1068 980 1115 ac
1036 1049 1370 1116 natiuitate
1425 1053 1609 1115 uotus
1632 1051 1663 1113 Ρ
1740 1066 1853 1113 nec
1908 1048 2125 1131 loquor
2185 1052 2259 1113 de
2303 1049 2659 1116 hominibus

402 1154 567 1218 sicut
622 1153 756 1218 uita
812 1155 903 1218 ita
962 1153 1155 1218 etiam
1213 1151 1588 1235 professione
1636 1170 1710 1216 ac
1755 1151 2059 1217 uocabulo
2103 1152 2381 1235 paganiS,
2442 1157 2504 1217 et
2550 1154 2657 1234 qui

403 1256 569 1320 sicut
611 1255 857 1338 profani
903 1260 1080 1321 erant
1125 1275 1348 1339 errore,
1392 1255 1484 1320 sic
1530 1255 1800 1321 nomine.
1861 1255 2246 1321 tolerabilior
2291 1257 2516 1339 quippe
2563 1260 2661 1320 est

403 1360 466 1423 et
516 1359 724 1424 minus
790 1358 1026 1425 nefaria
1092 1360 1418 1442 gentilitas
1475 1359 1541 1424 in
1600 1360 1959 1425 hominibus
2019 1359 2418 1443 professionis
2478 1379 2657 1425 suae:

337 1493 385 1532 ιο
401 1463 560 1527 illud
615 1464 1022 1546 perniciosius
1069 1482 1141 1529 ac
1185 1464 1528 1538 scelestiuS,
1599 1466 1762 1545 quod
1819 1462 2007 1527 multi
2053 1480 2287 1541 eorum,
2358 1465 2466 1545 qui
2510 1482 2658 1544 pro-

401 1566 729 1630 fessionem
787 1564 1035 1631 Christo
1098 1567 1489 1644 dicauerant,
1552 1570 1762 1631 mente
1825 1566 2005 1631 idolis
2069 1565 2447 1630 seruiebant.
2522 1569 2658 1649 quis
2682 1571 2759 1635 11

403 1671 569 1733 enim
607 1690 728 1735 non
763 1689 993 1748 eorum,
1042 1676 1148 1752 qui
1180 1668 1519 1734 Christiani
1551 1669 2049 1752 appellabantur,
2098 1668 2445 1734 Caelestem
2477 1669 2659 1734 illam

399 1777 508 1837 aut
553 1778 694 1854 post
748 1771 1068 1838 Christum
1128 1774 1411 1839 adorauit
1470 1774 1596 1852 aut,
1657 1777 1820 1857 quod
1873 1776 1966 1837 est
2009 1772 2183 1855 peius
2230 1773 2452 1849 multo,
2512 1777 2659 1837 ante

400 1894 587 1958 quam
623 1875 989 1942 Christum?
1038 1877 1175 1957 quis
1222 1895 1343 1940 non
1390 1878 1930 1942 daemoniacorum
1966 1876 2411 1941 sacrificiorum
2444 1875 2656 1941 nidore

339 2006 382 2045 15
398 1979 615 2060 plenus
680 1979 925 2044 diuinae
995 1982 1212 2042 domus
1259 1980 1451 2043 limen
1514 1979 1760 2044 introiit
1806 1986 1869 2042 et
1915 1999 2058 2043 cum
2103 1980 2338 2043 faetore
2382 1980 2659 2060 ipsorum

401 2083 769 2147 daemonum
818 2081 1054 2147 Christi
1122 2083 1322 2146 altare
1392 2081 1778 2161 conscendit,
1847 2086 1919 2146 ut
1979 2100 2101 2145 non
2159 2086 2290 2146 tam
2360 2083 2656 2145 immanis

400 2185 673 2250 criminis
741 2185 967 2249 fuisset
1024 2185 1102 2249 ad
1165 2186 1471 2267 templum
1540 2185 1775 2248 domini
1844 2202 1969 2247 non
2037 2186 2249 2249 uenire
2319 2203 2505 2266 quam
2565 2186 2656 2249 sic

398 2289 634 2365 uenire,
690 2289 837 2372 quia
881 2288 1290 2365 Christianae,
1350 2289 1457 2369 qui
1516 2291 1591 2352 ad
1641 2287 1968 2352 ecclesiam
2015 2306 2137 2351 non
2184 2290 2376 2365 uenit,
2436 2289 2655 2371 negle-

398 2391 643 2475 gentiae
690 2411 828 2457 reus
875 2395 986 2471 est,
1036 2391 1143 2474 qui
1189 2394 1402 2455 autem
1433 2392 1523 2455 sic
1554 2392 1748 2468 uenit,
1797 2389 2127 2473 sacrilegii.
2189 2392 2451 2455 minoris
2484 2392 2653 2454 enim

333 2526 380 2563 20
398 2497 628 2576 piaculi
672 2515 771 2560 res
820 2498 914 2561 est
958 2497 1012 2559 si
1057 2497 1254 2561 honor
1301 2496 1409 2558 deo
1457 2513 1578 2558 non
1616 2496 1951 2572 deferatur,
2002 2515 2190 2576 quam
2237 2495 2288 2557 si
2333 2493 2655 2575 inrogetur

398 2599 642 2665 iniuria.
718 2618 789 2663 ac
854 2618 963 2681 per
1025 2598 1139 2663 hoc
1199 2599 1571 2679 quicumque
1632 2600 1759 2662 ista
1820 2599 2105 2663 fecerunt
2165 2616 2288 2662 non
2350 2597 2760 2666 dederuntl2

306 2729 311 2734 ’
398 2702 693 2765 honorem
738 2703 848 2766 deo
895 2702 1001 2766 sed
1048 2704 1440 2786 derogarunt.
1518 2721 1664 2766 nam
1712 2701 1906 2766 etiam
1951 2702 2153 2784 ipsam
2200 2701 2655 2784 quodammodo

398 2804 689 2868 ecclesiae
760 2804 1206 2870 salutationem
1267 2804 1427 2869 idolo
1489 2806 1956 2887 praestiterunt,
2026 2806 2173 2887 quia
2234 2805 2488 2869 secundi
2534 2804 2655 2867 loci

399 2906 757 2972 officiositas
823 2908 1042 2972 honori
1111 2907 1282 2971 illius
1349 2908 1610 2990 proficit,
1682 2912 1782 2972 cui
1841 2908 2208 2990 principalia
2268 2908 2652 2971 deferuntur.

334 3039 380 3078 25
399 3028 536 3074 ecce
612 3029 765 3092 quae
832 3011 1130 3075 Afrorum
1198 3012 1262 3074 et
1325 3015 1594 3075 maxime
1660 3011 2193 3077 nobilissimorum
2269 3010 2423 3074 fides
2498 3028 2655 3091 quae

496 3250 530 3302 3
579 3250 798 3318 numen]
847 3265 1041 3302 nomen
1089 3249 1143 3302 Β
1187 3266 1253 3303 m.
1290 3254 1322 3302 1
1381 3264 1569 3302 nomen
1614 3264 1655 3302 s.
1704 3265 1807 3303 scr.
1855 3266 1922 3303 m.
1961 3252 2002 3303 2
2046 3266 2083 3302 u
2129 3250 2183 3302 A
2408 3250 2441 3302 6
2493 3252 2653 3301 uotus

394 3336 447 3387 A
515 3335 658 3388 uotis
711 3336 767 3388 Β
1010 3335 1040 3387 7
1095 3335 1216 3387 uita
1268 3334 1430 3388 etiam
1483 3335 1562 3387 ita
1614 3334 1940 3401 professione
1992 3335 2049 3388 Β
2303 3336 2338 3388 8
2392 3334 2653 3402 prophani

393 3421 447 3474 Β
689 3437 918 3475 errorem
965 3426 1160 3490 punct.
1213 3437 1267 3473 m
1320 3420 1377 3473 A
1619 3421 1685 3474 10
1742 3419 1880 3473 illud
1926 3447 1954 3473 a·
2006 3437 2069 3473 ac
2128 3420 2406 3474 scelestius
2460 3418 2514 3470 A

393 3523 575 3562 eorum
610 3533 690 3562 m*
725 3508 846 3577 quis
894 3508 1038 3561 enim
1082 3507 1138 3560 A
1341 3506 1684 3575 professionis
1741 3508 1797 3560 Β
1842 3524 1911 3560 m.
1948 3511 1981 3560 1
2199 3506 2264 3560 13
2319 3508 2441 3573 post
2488 3504 2654 3558 Chun-

393 3593 531 3662 quod
585 3596 667 3647 est
720 3595 775 3647 A
984 3595 1049 3648 14
1095 3594 1487 3647 demonicorum
1534 3592 1589 3646 Β
1637 3596 1769 3659 (non
1801 3594 1856 3646 A
1911 3599 1976 3646 ut
2010 3591 2166 3661 apud
2202 3592 2513 3659 Halmium)

394 3679 715 3734 nimdomos
766 3684 946 3747 (super
992 3695 1022 3732 o
1062 3685 1266 3748 poster.
1313 3695 1416 3733 scr.
1466 3695 1502 3732 u
1546 3695 1614 3733 m.
1652 3681 1715 3747 2)
1763 3679 1817 3731 A
2027 3680 2093 3732 15
2139 3678 2307 3732 fetore
2342 3678 2399 3731 A
2452 3677 2651 3731 factore

391 3768 447 3820 Β
689 3768 754 3820 16
812 3765 1118 3819 conscendit
1171 3792 1256 3818 m
1308 3765 1547 3819 criminis
1599 3769 1654 3817 A
1899 3766 1964 3818 18
2018 3767 2112 3834 qui
2164 3781 2207 3819 8.
2263 3781 2366 3819 scr.
2421 3782 2454 3818 a
2505 3782 2574 3819 m.
2612 3768 2653 3819 2

392 3857 444 3906 A
653 3852 960 3906 christianis
1008 3853 1087 3917 B,
1142 3852 1391 3906 christan
1436 3867 1543 3905 non
1591 3851 1743 3905 uenit
1787 3852 1841 3904 A
2061 3852 2126 3905 19
2172 3855 2254 3905 est
2300 3851 2355 3905 Β
2400 3868 2444 3905 s,
2478 3853 2511 3906 l.

392 3941 611 3995 mina„
647 3942 695 3994 si
733 3940 899 3994 honor
933 3941 988 3993 A
1187 3940 1345 4009 enim]
1385 3942 1561 3993 autem
1601 3939 1656 3993 Β
1860 3940 1928 3992 20
1963 3939 2231 3993 deferatur
2267 3955 2333 3993 ex
2370 3940 2653 3993 differatur

391 4027 445 4079 A
481 4043 617 4081 corr.
656 4045 722 4080 m.
761 4031 802 4082 2
1008 4028 1071 4081 21
1122 4042 1214 4094 per
1257 4028 1358 4080 hoc
1393 4044 1482 4096 qm
1517 4029 1703 4081 urunt
1748 4026 2003 4080 honorem
2047 4026 2103 4079 A
2309 4026 2376 4079 22
2423 4025 2654 4095 quodam

391 4138 443 4164 κ
479 4113 624 4166 idolo
661 4114 714 4166 A
924 4113 993 4166 24
1026 4112 1217 4166 honori
1253 4129 1320 4167 ex
1353 4113 1521 4167 honor
1555 4115 1609 4167 A
1645 4129 1789 4168 corr.
1824 4130 1892 4166 m.
1931 4116 1972 4167 2
2168 4113 2318 4166 illius
2353 4137 2407 4164 aa*
2439 4115 2651 4165 runtur.

390 4215 504 4251 ecce
549 4200 603 4252 A
809 4199 877 4253 25
921 4199 1053 4253 fide»
1089 4223 1168 4252 n*
1204 4198 1312 4253 fuit
1357 4201 1412 4253 A
1459 4200 1606 4266 (hinc
1649 4200 1849 4267 &ncipit
1886 4205 2166 4267 postrema
2192 4200 2410 4269 payina
2445 4199 2559 4253 cod.
2599 4203 2651 4252 A

391 4286 456 4337 de
493 4301 599 4353 quo
634 4301 809 4354 supra
844 4286 918 4339 ad
945 4302 1003 4354 p.
1043 4289 1164 4353 194,
1202 4290 1291 4354 12)

2440 4388 2544 4441 13*
