3380 4919
642 268 771 333 314
1558 308 1559 311 η
1617 263 1931 317 Saluiani

643 456 755 518 aut
812 470 1264 535 quaecumque,
1326 469 1484 533 quae
1543 451 1789 515 animae
1834 454 1980 515 tuae
2025 467 2099 514 ac
2141 449 2366 515 salutis
2411 450 2610 517 oblita
2651 452 2791 535 ipsa
2836 457 2900 519 te

642 555 919 620 resculis.
948 554 1076 619 tuis
1133 553 1379 636 spolias,
1437 555 1742 635 quomodo
1788 553 1851 616 in
1896 552 2108 616 futuro
2152 554 2327 633 quasi
2360 554 2627 620 'condita
2671 573 2743 621 ac
2788 574 2898 638 pa-

643 661 784 723 rata
839 657 1109 740 reperies
1156 675 1313 740 quae
1355 657 1458 721 hic
1499 658 1612 720 aut
1655 672 1780 720 non
1834 654 2259 739 indigentibus
2306 657 2420 720 aut
2464 657 2652 722 etiam
2702 658 2902 724 abun-

644 760 937 828 dantibus
982 760 1347 843 deputaris‘?
1392 759 1711 841 quomodo
1740 757 2051 823 reddenda
2094 757 2218 823 tibi.
2255 777 2294 825 a
2339 759 2450 823 deo
2498 760 2700 825 credis
2745 780 2902 844 quae

645 864 756 929 deo
801 863 934 945 ipse
980 882 1105 929 non
1150 863 1395 929 credis?
1439 865 1772 945 postremo,
1820 861 2125 943 quomodo
2168 860 2349 926 reddi
2393 862 2489 927 uis
2535 880 2690 945 quae
2736 865 2904 930 credi
2947 886 2975 927 5

646 985 769 1033 non
811 965 956 1032 uis?
1000 984 1180 1032 nemo
1228 965 1397 1030 enim
1442 965 1563 1029 sibi
1608 963 1769 1029 solui
1814 963 1953 1028 uult
1998 981 2154 1044 quae
2198 980 2321 1028 non
2369 966 2739 1045 commodat,
2786 986 2904 1033 nec

645 1075 780 1136 tam
825 1069 1060 1135 stultus
1106 1073 1220 1152 est,
1269 1069 1341 1132 ut
1384 1086 1551 1150 quae.
1586 1085 1709 1132 non
1739 1067 2155 1132 faenerauerit
2198 1068 2380 1148 putet
2410 1085 2541 1133 esse
2572 1068 2903 1135 reddenda.

540 1169 627 1236 45
647 1176 710 1237 et
755 1172 897 1239 ideo
939 1174 1012 1238 tu
1057 1190 1447 1255 nequaquam
1484 1190 1521 1234 a
1551 1172 1665 1236 deo
1710 1170 1891 1253 quasi
1933 1170 2326 1235 reddendum·
2362 1188 2605 1252 sperare
2647 1173 2900 1254 poteriS,

647 1276 813 1358 quod
859 1276 990 1342 deo·
1016 1277 1234 1358 utique
1279 1292 1400 1339 non
1446 1273 1701 1338 credens
1746 1272 1998 1338 reddere
2043 1271 2162 1337 tibi
2208 1273 2398 1338 deum
2440 1274 2571 1356 ipse
2617 1275 2904 1340 nolueris,

646 1379 812 1444 unde
872 1379 1232 1462 conpleatur
1293 1374 1533 1443 dictum
1576 1376 1643 1440 in
1687 1377 1754 1440 te
1806 1376 2120 1441 diuinum:
2192 1375 2339 1458 quia
2399 1377 2708 1460 reliquisti
2764 1379 2906 1445 aliis
2924 1399 2978 1439 ιο

649 1482 754 1548 uel
799 1481 1020 1547 alienis
1065 1481 1323 1547 diuitias
1368 1482 1530 1556 tuas,
1577 1478 1978 1562 sepulchrum
2027 1481 2208 1543 tuum
2253 1481 2375 1544 erit
2419 1481 2640 1547 domus
2684 1486 2797 1547 tua
2838 1483 2906 1546 in

646 1586 991 1655 aeternum.
1066 1585 1132 1648 et
1176 1584 1360 1664 illud,
1419 1582 1585 1666 quod
1642 1583 1921 1647 saluator
1979 1582 2059 1646 ad
2117 1581 2388 1646 similem
2443 1583 2537 1648 tui
2597 1584 2904 1667 loquitur:

648 1687 830 1769 quia
894 1685 1210 1768 tepidus
1268 1705 1345 1752 es
1391 1691 1466 1751 et
1522 1702 1764 1767 neque
1822 1684 2139 1751 feruens
2211 1682 2451 1767 neque
2518 1686 2901 1771 frigidu8‚

642 1789 1032 1870 incipiam
1070 1793 1177 1853 te
1244 1805 1554 1853 uomere
1608 1805 1707 1852 ex·
1749 1805 1879 1851 ore
1945 1805 2124 1852 meo.
2203 1788 2267 1851 et
2307 1788 2465 1854 illud
2512 1790 2661 1854 dicis
2704 1784 2899 1856 ‘diues

647 1910 787 1956 sum
846 1892 909 1956 et
963 1891 1226 1958 diuitias
1284 1890 1479 1956 habeo
1526 1890 1591 1954 et
1646 1890 1882 1956 nullius
1930 1882 2098 1974 egeo'
2159 1892 2226 1955 et
2284 1893 2482 1957 neseis
2540 1893 2683 1975 quia
2724 1895 2794 1957 tu
2839 1911 2976 1958 esus

542 1991 629 2058 46
650 1995 838 2059 miser
886 1998 961 2058 -et
1021 2014 1254 2078 pauper
1312 1997 1391 2058 et
1437 2012 1652 2058 caecus
1714 1997 1778 2057 et
1839 1991 2088 2058 nudus?
2161 2010 2345 2060 nemo
2414 1994 2626 2077 itaque
2677 1995 2795 2061 sibi
2838 1996 2906 2062 in

592 2099 1023 2164 testamento
1070 2118 1181 2165 suo
1227 2098 1544 2163 hominem
1577 2096 1689 2161 deo
1725 2095 2073 2178 praeferens
2105 2096 2181 2161 de
2210 2095 2382 2162 uitae
2413 2115 2484 2162 ac
2513 2098 2907 2180 professionis

648 2204 1081 2286 praerogatiua
1141 2203 1377 2286 aliquid
1424 2202 1814 2268 blandiatur.
1889 2203 2170 2285 poenalis
2214 2205 2313 2267 est
2358 2204 2596 2270 homini
2655 2222 2726 2269 ac
2767 2223 2909 2286 per—

640 2306 888 2370 niciosa
931 2309 1255 2386 securitas,
1302 2307 1739 2389 praesumptae
1784 2324 1924 2388 spes
1970 2306 2249 2371 sarcinae
2278 2309 2425 2372 sunt
2452 2306 2687 2387 reatuS,
2734 2325 2907 2371 usur·

649 2413 800 2492 pata
843 2409 1152 2477 absolutio
1197 2410 1681 2477 damnationem·
1707 2412 1910 2492 parat.
1973 2410 2347 2492 quicumque
2391 2409 2510 2476 sibi
2552 2429 2619 2476 se
2663 2413 2979 2477 excusatae

650 2514 903 2578 accusat
957 2514 1071 2577 deo
1127 2514 1473 2579 secundum
1516 2513 1709 2578 illud:
1772 2532 1946 2579 nam
1992 2516 2121 2596 qui
2166 2533 2243 2580 se
2289 2514 2699 2579 existimat
2743 2532 2908 2579 esse

651 2616 991 2698 aliquid,
1066 2635 1234 2682 cum
1308 2616 1516 2681 nihil
1589 2617 1750 2693 sit.
1809 2635 1886 2680 se
1956 2618 2203 2699 ipsum
2271 2618 2599 2682 seducit.
2675 2616 2909 2681 nemini

649 2722 862 2801 itaque
923 2719 1129 2784 facilis
1190 2737 1302 2784 sua
1359 2737 1544 2784 causa
1597 2721 1719 2784 sit:
1788 2720 2004 2785 nullus
2051 2719 2375 2786 difficilius
2429 2720 2664 2799 euadit,
2724 2738 2911 2802 quam

654 2822 760 2905 qui
806 2840 873 2886 se
920 2839 1253 2887 euasurum
1300 2840 1432 2886 esse
1484 2823 1987 2905 praesumpserit.

549 2957 630 3022 47
741 2951 956 3023 VIIII.
1021 2960 1193 3023 Dura
1235 2959 1388 3025 haec
1433 2959 1696 3026 forsitan
1738 2964 1923 3042 atque
1955 2963 2204 3025 austera
2232 2959 2584 3027 uideantur.
2647 2959 2911 3043 qu1dn1?
2929 2991 2980 3031 25

655 3064 903 3178 omnis
963 3062 1166 3178 enim
1226 3053 1694 3149 discipllna
1754 3068 1827 3174 ut
1871 3065 1971 3130 ait
2016 3080 2218 3127 sermo
2263 3061 2541 3142 diuinus,
2601 3080 2749 3126 non
2794 3066 2912 3129 est

770 3225 777 3282 ’-
860 3245 932 3303 10
964 3245 1113 3334 Pseu.
1144 3247 1261 3361 480
1370 3247 1478 3302 13
1500 3248 1769 3317 Apoo.3,
1809 3247 1874 3303 16
1975 3271 1980 3280 ·
2071 3248 2135 3302 21
2174 3247 2295 3303 eal.
2330 3248 2381 3315 e,
2416 3250 2480 3302 3-
2643 3250 2712 3304 26
2746 3243 2911 3306 nebi.

537 3339 558 3397 -j
642 3334 738 3401 12,
777 3336 842 3387 11
1197 3367 1201 3372 ·
1336 3353 1343 3386 ;
1550 3379 1555 3384 .
2377 3355 2380 3359 ·

757 3506 791 3561 3
837 3469 1098 3575 repperies
1143 3453 1254 3578 A
1405 3467 1858 3580 habundantibus
1897 3505 1953 3559 Β
2159 3505 2194 3559 5
2238 3506 2356 3575 ipsa
2397 3506 2808 3566 Rittershusiws
2851 3512 2914 3562 ut

653 3585 830 3661 supra
863 3596 913 3656 5.
950 3596 1050 3659 443
1093 3596 1155 3645 at
1189 3591 1292 3657 cfr.
1327 3587 1377 3655 5.
1414 3592 1487 3645 45
1519 3590 1619 3659 fin.
1824 3590 1971 3645 credi
2016 3590 2303 3645 Halmius:
2327 3589 2330 3592 ‘
2358 3591 2509 3645 reddi
2552 3579 2608 3645 A
2662 3591 2812 3646 rendi
2858 3593 2914 3647 Β

654 3679 865 3732 credere
923 3678 1004 3733 ed.
1064 3678 1336 3732 Balwzius
1388 3680 1532 3743 (cum
1577 3678 1639 3747 b,
1686 3678 1752 3731 in
1796 3693 1903 3746 quo
1949 3693 1992 3733 8.
2029 3677 2190 3746 reddi·
2222 3694 2323 3733 ser.
2372 3685 2452 3734 est
2484 3678 2510 3731 Ι
2546 3680 2775 3745 credere)

654 3763 684 3816 7
743 3762 1064 3817 fenerauerit
1116 3764 1172 3818 Β
1379 3764 1411 3817 9
1464 3764 1566 3833 ipsi
1621 3763 1677 3817 Β
1889 3763 1955 3817 10
2001 3761 2250 3818 diuinum
2294 3764 2433 3818 illud
2468 3780 2677 3819 necesse
2712 3769 2794 3819 est
2829 3765 2914 3821 ed.

654 3849 934 3903 Baluzius
1106 3850 1173 3905 13
1209 3866 1264 3903 es
1299 3851 1372 3919 et]
1412 3852 1550 3903 esset
1583 3851 1640 3905 A
1675 3856 1730 3905 et
1766 3850 1864 3904 alt.
1902 3866 1928 3902 s
1964 3856 2155 3919 pwnct.
2188 3851 2246 3905 Β
2418 3851 2482 3904 14
2516 3867 2757 3907 enomere
2793 3868 2915 3907 cwm

645 3949 691 4002 p
715 3927 914 3988 etcdd.
941 3935 1205 3989 Halmius
1397 3936 1464 3989 16
1491 3941 1619 4004 post
1654 3935 1762 3989 sibi
1799 3931 1951 3989 add.
1954 3951 1999 4005 p
2036 3942 2090 3990 et
2125 3936 2247 3990 edd.
2278 3942 2412 3991 ante
2433 3938 2654 3991 Halm„-
2687 3938 2747 3991 in
2782 3939 2914 4018 uita,

653 4019 710 4072 in
748 4034 909 4084 more,
946 4019 1003 4072 in
1040 4021 1180 4085 actu,
1214 4022 1273 4073 'in
1311 4019 1457 4074 dono
1654 4021 1726 4075 17
1754 4011 2097 4090 professionis
2134 4037 2202 4075 ex
2239 4036 2357 4076 -nes
2392 4037 2528 4077 corr.
2543 4015 2624 4077 lna.
2650 4026 2691 4077 2
2717 4024 2780 4076 ·A

658 4106 721 4159 18
758 4101 1196 4173 perniciosa-‘ista
1224 4106 1313 4163 effi.
1352 4106 1677 4161 Bahczius
1837 4107 1902 4160 19
1936 4107 2215 4176 usurpatio
2248 4109 2304 4161 A
2481 4108 2580 4162 ffl
2613 4111 2830 4164 excusat
2858 4121 2919 4163 se

653 4191 828 4261 signis
854 4192 1300 4260 transpositionis
1323 4191 1530 4247 additis
1555 4193 1610 4246 Β
1780 4192 1844 4248 21
1873 4197 2116 4248 accussat
2137 4195 2193 4247 A
2364 4194 2434 4249 25
2456 4185 2701 4249 for-'sitam
2726 4198 2782 4250 A
