3380 4919
705 325 833 394 306
1676 321 1991 381 Saluiani

610 516 688 582 16
708 516 876 592 (leue,
924 514 1031 597 qui
1075 513 1618 596 praetermittitur,
1668 512 2057 580 nonamari:
2099 511 2209 577 sed
2237 510 2640 595 putasdeum
2665 512 2962 578 uidelicet

708 617 1133 684 munificentia
1177 615 1447 681 hominis
1493 633 1616 680 non
1660 634 1858 700 egere,
1903 617 1966 681 et
2009 615 2166 694 ideo,
2214 615 2657 698 quidmec'e'sse
2702 618 2815 696 est,
2861 621 2964 684 in*-⁴

641 774 648 781 .
708 720 867 804 quis,
916 722 994 787 ab
1024 720 1288 807 homine
1333 720 1391 789 ei
1416 717 1760 803 ,quippiam
1804 717 2028 799 tribui,
2078 718 2186 801 qui
2223 719 2363 800 ipse
2409 720 2633 789 cuncta
2673 720 2960 789 omnibus

709 821 925 903 dedit?
971 826 1184 907 utrum
1215 827 1395 908 egeat
1441 821 1873 887 munificentia
1918 825 2129 886 nostra
2175 810 2733 889 dominus-annon
2760 827 2966 909 egeat,

710 912 821 995 aut
866 927 1168 1012 quomodo
1214 927 1318 993 uel
1362 928 1540 1009 egeat
1585 925 1688 1011 uel
1730 943 1854 992 non
1886 927 2063 1010 egeat
2091 926 2221 1003 iam
2249 924 2629 999 uidebimus.
2687 927 2960 1009 interim,
3003 955 3031 998 ο

709 1016 854 1117 quia
898 1029 975 1103 ab
1024 1048 1092 1097 eo
1140 1029 1380 1117 cunctis
1418 1033 1663 1117 ,cuncta
1686 1031 1998 1115 ‚praestari
2042 1030 2235 1095 etiam
2263 1031 2336 1105 tu
2361 1049 2591 1115 negare
2619 1050 2751 1098 non·
2773 1048 2964 1100 ausus

711 1153 795 1214 es,
855 1134 970 1223 hoc
1016 1133 1265 1218 dignior
1311 1137 1407 1215 est
1450 1132 1688 1217 absque
1733 1133 1921 1198 dubio
1964 1133 2274 1215 largitate
2306 1137 2550 1211 nossa-a,
2575 1135 2962 1217 quia-nobis

710 1239 842 1322 ipse
886 1243 1032 1303 ante
1077 1237 1347 1327 largitus
1405 1237 1520 1320 est,
1568 1237 1720 1311 hoc,
1742 1236 1982 1317 iustius
2014 1236 2075 1303 31
2109 1235 2343 1307 *officiis
2386 1241 2755 1320 respondere
2797 1244 2963 1307 tem-

614 1349 691 1413 17
711 1344 991 1424 ptumus,
1026 1359 1174 1423 ,quo
1232 1340 1549 1427 beneficiis
1606 1340 1781 1425 illius
1840 1339 2042 1423 magis
2098 1340 2347 1424 inpares
2403 1358 2635 1408 sumus.
2710 1354 2855 1410 n'am
2900 1348 2964 1412 et

712 1447 935 1535 natura
998 1444 1137 1527 ipsa
1172 1445 1532 1531 „hominum
1599 1443 2104 1528 consuetudoque
2175 1446 2536 1519 communis
2595 1444 2714 1515 hac
2789 1447 2964 1530 quasi
2984 1474 3035 1514 ιο

712 1548 989 1637 generali
1034 1549 1290 1625 cunctos
1335 1549 1471 1632 lege
1516 1547 1917 1633 constringit,
1963 1550 2037 1625 nt
2065 1547 2373 1630 aquibus
2404 1547 2643 1632 aliquid
2685 1549 2962 1617 liberali·

712 1652 861 1717 tatis
910 1650 1270 1736 accipimuS,
1320 1651 1487 1735 plus,
1521 1651 1611 1717 eis
1655 1651 1900 1736 gratiae
1945 1650 2278 1723 debeamus
2301 1673 2348 1716 ι·
2375 1652 2543 1717 artat
2588 1653 2811 1736 quippe
2854 1672 2970 1722 nos

711 1738 805 1843 ad
845 1754 1318 1823 retributionem
1377 1755 1510 1822 dati
1565 1758 1828 1839 accepta
1890 1753 2194 1838 largitio,
2237 1756 2386 1820 ante
2442 1772 2636 1825 usum
2685 1758 2848 1823 enim
2892 1778 2970 1825 ac

714 1834 1231 1945 munificentiam
1275 1854 1677 1920 liberalitatis
1733 1854 1982 1927 alienae
2029 1853 2190 1920 liber
2244 1858 2340 1920 est
2385 1856 2736 1940 quispiam,
2779 1861 2965 1925 bene-.-

714 1961 997 2037 liciorum
1055 1930 1305 2026 faenore
1360 1976 1483 2029 non
1537 1958 1880 2042 grauatus.
1933 1962 2244 2042 coguntur
2307 1962 2542 2025 autem
2573 1978 2788 2035 omnes
2829 1961 2972 2044 ipsa·
2987 1987 3040 2029 ιε

715 2064 1095 2155 conscientia
1138 2082 1252 2129 sua
1283 2064 1362 2128 ad
1408 2061 1903 2145 repensationem
1931 2061 2425 2147 uicissitudini&
2461 2066 2805 2147 postquam
2835 2085 2971 2133 esse

617 2175 696 2240 18
717 2168 1027 2253 coeperint
1071 2167 1401 2255 debitores,
1457 2167 1550 2234 ita
1595 2166 1836 2255 ergoet
1867 2165 1979 2239 deo
2028 2166 2140 2253 boc
2175 2167 2413 2237 maiora
2442 2167 2760 2244 debemus,
2807 2172 2969 2252 quod

632 2310 635 2319 ·
717 2273 794 2338 ab
850 2290 921 2338 eo
958 2274 1219 2338 cuncta·
1257 2272 1661 2355 percepimus,
1726 2274 1788 2336 et
1835 2270 1960 2335 hoc
2016 2273 2383 2355 respondere
2437 2270 2751 2347 beneficiis
2797 2273 2970 2339 illius

715 2375 922 2462 minus
990 2393 1337 2461 possumus,
1409 2375 1574 2457 quod
1630 2375 1686 2439 ei
1746 2373 1994 2447 etiamsi
2062 2393 2218 2458 quae
2287 2374 2584 2459 debemus
2648 2375 2967 2442 redhibere

718 2479 1063 2570 cupiamuS,
1112 2483 1326 2545 tamen
1370 2479 1447 2543 de
1491 2495 1601 2545 suo
1645 2478 1986 2552 reddimus.
2063 2496 2135 2544 ac
2184 2499 2293 2562 per
2336 2480 2459 2545 hoc·
2496 2498 2620 2554 non
2665 2482 2766 2554 est
2805 2481 3042 2563 quodzo

713 2583 956 2667 placere
1014 2580 1138 2648 sibi
1174 2582 1529 2665 quisquam
1582 2581 1918 2666 largitione
1974 2600 2087 2647 sua
2142 2580 2422 2648 debeat.
2455 2582 2620 2647 sicut
2655 2601 2790 2648 sua
2843 2601 2970 2648 non

716 2688 863 2772 sunt
931 2685 1173 2762 cuncta,
1242 2702 1401 2768 quae
1455 2702 1495 2748 a
1553 2683 1805 2750 domino
1866 2701 2000 2749 suo
2038 2684 2324 2768 accipit,
2350 2683 2458 2750 sic
2503 2704 2613 2751 sua
2657 2704 2777 2751 non
2821 2689 2970 2752 sunt

717 2767 941 2856 cuncta
996 2806 1151 2872 quae
1206 2788 1429 2858 reddit.
1507 2791 1570 2852 et
1629 2787 1766 2868 ideo
1805 2786 2116 2874 perfidiae
2177 2787 2427 2871 quidem
2469 2807 2694 2871 poena
2711 2788 2971 2855 debetur

628 2971 633 2974 j
716 2893 793 2970 31,
861 2893 969 2975 qui
1036 2891 1357 2979 negauerit
1423 2861 1535 2957 deo
1603 2909 1794 2974 quae
1816 2892 1980 2974 sunt
1997 2892 2130 2960 sibi
2175 2883 2266 2956 31)
2301 2894 2513 2966 eodem
2560 2894 2970 2976 commodata,

717 2996 1011 3087 inputare
1053 3000 1266 3072 autem
1310 2993 1710 3084 largitionem
1732 3012 1865 3082 ,non
1912 2995 2665 3080 potest‚.‚qui.reddiderit
2694 2997 3044 3079 acceptam

620 3143 699 3210 19
803 3136 984 3203 1111..
1021 3134 1144 3202 Sed
1189 3136 1360 3218 dene,
1419 3135 1669 3216 inquies
1697 3152 1819 3202 non
1845 3133 2009 3218 -eget
2047 3132 2482 3198 retributione.
2560 3134 2719 3199 nihil
2762 3137 2971 3200 minus

719 3237 907 3323 quam
964 3240 1039 3304 ut
1093 3255 1216 3304 non
1252 3237 1474 3321 egeat.
1543 3256 1677 3303 non.
1711 3239 1856 3320 eget
1913 3233 2082 3301 enim
2135 3231 2311 3300 iuxta
2373 3238 2715 3320 potentiam
2773 3255 2970 3315 suam,

720 3343 828 3408 sed
873 3346 1015 3426 eget
1056 3341 1231 3406 iuxta
1273 3335 1770 3423 praeceptionem
1798 3357 2024 3410 suamz
2092 3355 2213 3405 non
2258 3343 2400 3422 eget
2444 3340 2789 3406 secundum
2834 3355 2974 3404 ma-

719 3449 1245 3524 instatemvsuam,
1290 3443 1398 3511 sed
1445 3444 1589 3527 eget
1626 3441 1973 3509 secundum
1995 3439 2223 3527 'legem
2268 3461 2467 3521 suam,
2497 3444 2576 3508 :ot
2619 3444 2685 3507 in
2731 3444 2863 3525 ipso
2909 3460 2974 3508 se

721 3551 969 3631 quidem
1022 3566 1185 3615 ‘non'
1225 3549 1386 3632 eget,
1455 3547 1562 3613 sed
1631 3547 1699 3612 in
1766 3545 2012 3612 multis*
2052 3550 2222 3629 eget:
2289 3563 2411 3611 non
2467 3545 2726 3629 quaerit
2765 3546 2850 3609 *in
2907 3564 3046 3614 seso

823 3893 857 3946 5
891 3890 978 3945 uel
1012 3894 1170 3959 egeat
1205 3906 1306 3950 om.
1341 3892 1398 3945 A
1602 3891 1636 3945 6
1672 3892 1850 3947 cuntis
1885 3891 1940 3946 A
2144 3891 2178 3945 9
2221 3906 2324 3961 quo
2357 3890 2572 3960 scripsi¹
2591 3889 2753 3956 (conl.
2786 3904 2841 3942 u.
2878 3891 2978 3942 18:

723 3981 836 4056 hob«x
856 3986 1167 4058 respondere
1202 3986 1473 4044 beneflciis
1509 3986 1866 4056 illius‚minus
1891 3975 2219 4056 pessumum:
2256 4002 2432 4055 quo-a
2464 3985 2519 4040 A
2572 3983 2715 4053 quod
2752 3983 2805 4040 B
2856 3984 2983 4053 quia

722 4080 982 4136 Haimius
1157 4080 1220 4135 11
1256 4096 1288 4133 3
1320 4080 1518 4150 quibus
1553 4097 1622 4137 ecc
1656 4081 1836 4151 aliquo
1873 4085 2012 4149 (non
2035 4096 2103 4136 ex
2125 4080 2434 4149 aliquihue)¹
2455 4087 2598 4136 com-4
2622 4095 2692 4136 m.
2715 4081 2755 4132 2
2791 4078 2845 4132 B

726 4172 791 4227 12
825 4173 876 4228 ei
908 4174 964 4229 Β
1016 4219 1019 4226 2
1172 4176 1237 4230 14
1270 4175 1543 4230 libertatis
1577 4176 1713 4246 Bw)
1911 4176 1987 4230 219
2022 4176 2258 4230 redibere
2295 4173 2402 4229 AB
2565 4173 2660 4227 :21
2697 4173 2982 4242 quisquam

721 4286 792 4324 ex
827 4269 1095 4339 quispiam
1127 4285 1270 4327 corr,
1305 4286 1374 4324 m.
1410 4272 1451 4324 2
1485 4269 1576 4326 niel
1611 4275 1641 4326 1
1679 4271 1735 4324 Δ
1789 4305 1794 4308 -
2401 4271 2412 4307 ·'

242 4433 725 4614 α
