3380 4919
1202 367 1278 422 de
1313 367 1586 436 gubern.
1623 368 1729 423 dei
1764 368 1791 422 I
1828 374 1858 435 ξ
1892 369 2111 425 44-48.
2692 373 2777 441 23

525 561 789 642 gemus?
834 558 1013 624 addo.
1037 577 1148 642 ego
1181 557 1455 641 amplius
1482 558 1739 641 aliquid,
1786 560 1948 640 quod
1976 576 2087 624 nos
2127 557 2269 640 ipsi,
2316 561 2422 642 qui
2449 559 2592 625 illos
2621 561 2774 626 tunc
2792 561 2879 628 46

525 663 635 726 deo
679 679 861 726 curae
907 661 1099 727 fuisse
1145 663 1209 727 et
1253 678 1363 726 nos
1395 680 1433 726 a
1461 661 1575 727 deo
1621 661 1871 745 neglegi
1897 661 2201 740 dicimus,
2251 661 2307 726 si
2341 660 2618 744 accipere
2660 680 2769 746 pro

522 764 951 845 praesent-ibus
1010 766 1187 830 bonis
1242 765 1583 847 praeterita
1624 783 1949 848 possemus
1964 814 1983 848 ,
2040 782 2465 848 respueremus
2520 766 2771 847 penitus

522 865 895 932 condicionis
950 867 1136 933 istius
1194 868 1529 951 optionem.
1619 869 1931 943 nollemus
1987 867 2159 933 enim
2209 869 2364 932 haec
2407 886 2580 950 quae
2609 886 2773 933 nunc
2848 945 2852 956 Ι

478 991 501 1030 5
519 969 822 1035 habemus
867 971 1157 1036 amittere
1175 1019 1192 1049 ,
1248 973 1323 1037 ut
1377 990 1698 1055 possemus
1741 989 1817 1037 ea
1868 970 2095 1054 quibus
2140 971 2295 1039 tunc
2337 970 2441 1036 illi
2484 970 2582 1036 usi
2627 975 2773 1036 sunt

520 1072 834 1153 possidere
853 1122 871 1150 ,
912 1091 1035 1138 non
1078 1074 1242 1156 quod
1285 1091 1396 1141 nos
1439 1075 1705 1141 meliora
1747 1092 1914 1140 nunc
1958 1075 2330 1157 habeamus,
2389 1092 2576 1156 quam
2618 1092 2770 1159 gens

518 1175 632 1240 illa
675 1178 824 1241 tunc
869 1175 1110 1251 habuit,
1159 1180 1264 1243 sed
1310 1176 1457 1259 quia
1501 1178 1567 1242 et
1608 1177 1741 1254 illi,
1802 1176 1909 1259 qui
1953 1176 2262 1242 cotidiano
2305 1177 2458 1241 tunc
2502 1176 2658 1242 caeli
2702 1195 2774 1243 ac

519 1278 618 1343 dei
662 1279 1010 1345 ministerio
1055 1280 1471 1361 pascebantur
1486 1329 1504 1357 ,
1550 1280 1874 1363 antiquam
1918 1279 2158 1345 uentris
2201 1279 2546 1362 ingluuiem
2596 1281 2771 1345 bonis

516 1382 943 1463 praesentibus
971 1383 1418 1466 praeferebant,
1451 1384 1820 1466 turpissima
1849 1383 2093 1450 scilicet
2116 1382 2394 1449 ciborum
2426 1384 2770 1449 carnalium

448 1510 498 1550 ιο
519 1484 942 1550 recordatione
982 1486 1229 1552 ,maesti
1285 1488 1349 1552 et
1407 1486 1819 1553 foetidissimo
1874 1505 2205 1570 caeparum
2250 1487 2435 1570 atque
2478 1487 2768 1557 alliorum

517 1606 727 1653 amore
772 1593 1235 1673 aegrescentes,
1265 1608 1387 1654 non
1419 1591 1583 1672 quod
1626 1590 1870 1672 potiora
1915 1593 2125 1656 essent
2169 1590 2395 1673 quibus
2440 1591 2627 1656 antea
2670 1589 2766 1654 usi

506 1694 712 1776 erant,
759 1692 869 1756 sed
916 1693 1064 1776 quia
1107 1696 1269 1776 quod
1312 1712 1479 1758 nunc
1523 1713 1560 1760 a
1594 1694 1786 1759 ¹uobis
1833 1694 1923 1773 fit,
1971 1695 2085 1759 hoc
2129 1698 2283 1759 tunc
2328 1694 2405 1758 ab
2448 1693 2594 1758 illis.
2667 1692 2768 1758 illi

512 1793 853 1862 horrebant
922 1815 1079 1881 quae
1134 1802 1311 1862 erant
1366 1801 1429 1862 et
1487 1816 1646 1880 quae
1701 1816 1826 1863 non
1888 1798 2067 1863 erant
2134 1795 2595 1863 desiderabant:
2653 1814 2765 1861 nos

511 1898 711 1981 magis
755 1898 1085 1965 laudamus
1130 1900 1243 1965 illa
1289 1919 1444 1982 quae
1489 1902 1642 1965 tunc
1688 1900 1962 1979 fuerunt,
2010 1919 2197 1982 quam
2240 1898 2364 1965 ista
2394 1918 2551 1983 quae
2598 1917 2765 1965 nunc
2833 1888 2840 1893 ’

441 2028 490 2066 15
511 2003 679 2084 sunt,
725 2019 849 2067 non
894 2004 1071 2085 quia,
1137 2003 1194 2068 si
1239 2003 1506 2086 eligendi
1552 2004 1820 2069 facultas
1865 2006 2045 2082 esset,
2092 2021 2335 2087 semper
2359 2001 2612 2068 habere
2652 2001 2765 2067 illa

510 2105 877 2184 mallemus,
925 2110 1032 2172 sed
1077 2108 1226 2189 quia
1266 2107 1575 2173 usitatum
1618 2108 1738 2172 hoc
1780 2107 2092 2173 humanae
2121 2105 2352 2171 mentis
2383 2109 2478 2171 est
2507 2105 2759 2184 uitium,

508 2206 625 2273 illa
681 2210 884 2293 magis
943 2227 1189 2292 semper
1231 2210 1398 2275 uelle
1455 2229 1614 2293 quae
1670 2211 1930 2288 desunt,
1998 2210 2062 2275 et
2116 2209 2297 2292 quia,
2357 2210 2431 2274 ut
2486 2209 2594 2274 ille
2650 2209 2758 2291 ait,
2783 2202 2866 2268 47

509 2309 783 2375 aliena
828 2314 1084 2388 nobie,
1130 2314 1401 2377 nostra
1444 2315 1623 2396 plus
1667 2313 1853 2378 aliis
1883 2315 2206 2396 placent.
2250 2311 2487 2377 accedit
2517 2329 2758 2393 quoque

503 2412 696 2496 illud,
755 2415 917 2498 quod
963 2417 1251 2498 generale
1295 2416 1490 2481 ferme
1537 2418 1632 2481 est
1676 2419 1847 2483 omni
1900 2415 2168 2495 homini,
2229 2415 2303 2481 ut
2365 2415 2478 2480 deo
2521 2431 2762 2496 semper

434 2539 486 2583 20
505 2518 790 2599 ingratus
836 2520 945 2602 sit,
989 2519 1306 2601 insitoque
1352 2519 1467 2584 hoc
1509 2524 1575 2585 et
1619 2524 1797 2602 quasi
1839 2519 2052 2585 natiuo
2087 2520 2255 2585 malo
2299 2538 2365 2584 se
2410 2516 2619 2583 cuncti
2658 2516 2759 2580 in·
2874 2585 2882 2590 ,

503 2620 707 2686 uicem
764 2623 1081 2701 uinciunt‚
1136 2623 1212 2687 ut
1269 2622 1580 2690 beneficiis
1636 2623 1738 2688 dei
1782 2623 2147 2701 detrahant,
2216 2641 2296 2689 ne
2341 2620 2650 2686 debitores
2695 2638 2761 2683 se

508 2742 640 2788 esse
686 2729 1076 2810 cognoscant.
1166 2725 1271 2791 sed
1317 2726 1471 2792 haec
1514 2726 1832 2792 hactenus.
1906 2743 2090 2791 nunc
2111 2726 2193 2791 ad
2237 2725 2475 2809 negotii
2520 2722 2757 2789 dudum

500 2828 705 2909 coepti
748 2829 1029 2895 ordinem
1073 2833 1480 2909 reuertamur,
1529 2828 1841 2912 quamuis,
1886 2831 1960 2893 ut
1993 2846 2149 2908 reor,
2196 2847 2319 2894 non
2362 2826 2759 2893 mediocriter

497 2929 630 2994 iam
657 2932 1128 3015 probauerimus
1150 2952 1311 3014 quae
1332 2934 1800 3016 proposuimus:
1819 2932 1942 2997 sed
1965 2933 2263 2998 addamus
2288 2936 2498 2997 tamen
2530 2931 2749 3008 adhuc,

427 3056 480 3097 25
497 3031 550 3095 si
591 3034 814 3115 placet,
860 3034 1201 3119 quippiam,
1247 3036 1393 3118 quia
1435 3038 1661 3100 melius
1706 3036 1804 3100 est
1831 3036 1976 3117 plus
2007 3034 2276 3119 probare.
2298 3035 2535 3117 aliquid
2567 3052 2756 3118 quam

496 3153 745 3202 necesse
789 3138 904 3217 est,
950 3156 1139 3221 quam
1182 3138 1390 3203 minus
1432 3138 1716 3204 forsitan·
1741 3145 1931 3219 quam
1972 3137 2242 3221 negotio
2267 3137 2586 3204 debeatur.

583 3256 696 3322 XI.
743 3257 1070 3324 Liberatus
1115 3258 1422 3341 quondam
1470 3259 1545 3323 de
1588 3259 1933 3324 Pharaonis
1977 3258 2121 3342 iugo
2164 3259 2428 3341 populus
2472 3239 2753 3324 Hebrae-
2773 3256 2858 3322 48

702 3446 766 3502 17
806 3444 971 3514 Syrus
1006 3462 1057 3499 v.
1094 3446 1163 3499 28
1197 3445 1275 3499 ed.
1314 3444 1476 3501 Ribb.

596 3614 629 3667 2
664 3615 918 3684 negglegi
952 3614 1008 3668 Β
1192 3614 1225 3667 6
1261 3630 1402 3669 ηηηο
1434 3609 1663 3668 meliora
1693 3616 1749 3669 Β
1929 3617 1959 3669 7
1999 3616 2298 3672 cottidiano
2328 3617 2384 3670 Β
2569 3616 2635 3671 10
2668 3632 2750 3685 ce·

488 3715 675 3768 parum
712 3702 768 3755 Β
942 3700 1171 3754 aliorum
1207 3701 1318 3755 AB
1491 3701 1556 3756 12
1580 3700 1672 3754 sed
1699 3703 2053 3771 quia—quae
2087 3703 2239 3757 erant
2269 3719 2369 3757 om.
2394 3704 2448 3756 A
2469 3704 2548 3770 (et
2571 3704 2626 3770 v)
2654 3701 2751 3756 sed

486 3787 542 3839 A
559 3787 630 3840 dn
645 3803 749 3856 my.
775 3788 1047 3854 inferiore
1068 3804 1136 3841 m.
1153 3791 1199 3842 2-
1215 3804 1383 3856 eaque
1401 3786 1697 3843 admodum
1714 3790 1947 3859 mutique}
1963 3789 2092 3844 add.
2246 3790 2310 3843 13
2334 3805 2436 3858 que
2459 3788 2749 3843 horrebant

478 3871 541 3928 Β
578 3871 806 3928 adiectis
837 3888 908 3927 m.
932 3874 974 3926 2
1007 3874 1451 3942 transpositionis
1481 3875 1647 3944 siquis
1840 3875 1904 3930 17
1939 3873 2148 3930 desunt.
2193 3874 2268 3932 Et
2301 3875 2745 3945 quia-placent,

485 3958 684 4012 accidit
701 3964 799 4014 etc.
818 3960 912 4014 sic
937 3960 1101 4030 wulyo
1127 3960 1581 4029 interpunaitur5
1602 3960 1939 4018 mutuavimus
1953 3961 2454 4029 interpmwtionem
2473 3966 2526 4015 et
2543 3960 2748 4018 accedit

486 4058 556 4097 ex
580 4043 635 4097 Β
661 4044 963 4112 recepimus
985 4051 1210 4100 auctore
1230 4046 1488 4101 Har-telio
1685 4047 1754 4102 18
1775 4046 1972 4102 accidit
1995 4048 2049 4101 A
2251 4048 2318 4102 19
2353 4047 2560 4104 homini
2598 4046 2746 4100 omni

480 4128 539 4183 Β
714 4130 779 4202 21
817 4131 1045 4186 uincunt
1077 4132 1135 4184 Β
1172 4131 1391 4187 :uitiant
1422 4134 1736 4201 suspicatus
1760 4139 1839 4190 est
1859 4132 2187 4200 flamiam,-
2222 4134 2318 4194 sed
2337 4135 2555 4198 uincire,
2591 4139 2745 4202 puto,

483 4219 564 4269 cst
588 4221 841 4271 nostrum
870 4215 988 4271 ‘wie
1011 4215 1180 4271 durch
1205 4218 1357 4271 einen
1381 4218 1585 4273 Zauber
1618 4218 1843 4274 bannen'
1857 4242 1871 4285 3
1906 4218 1979 4284 cf.
2004 4219 2161 4289 Sulp.
2188 4220 2320 4275 Seu.
2342 4219 2543 4289 dialoa.
2566 4220 2610 4278 Ι
2623 4219 2747 4287 (II)

408 4321 411 4324 ·
480 4304 534 4367 9,
561 4303 598 4355 6
633 4306 684 4356 et
729 4300 892 4357 Ouid.
924 4302 1055 4368 fast.
1094 4303 1169 4357 II
1184 4306 1287 4358 581
1463 4304 1531 4357 22
1567 4307 1786 4359 actenus
1820 4305 1876 4360 Α.
2049 4307 2115 4359 27
2152 4307 2465 4364 hebreorum
2499 4306 2611 4359 AB
