3380 4919
1128 334 1204 387 de
1239 334 1514 401 gubern.
1552 334 1657 388 dei
1702 334 1811 389 VII
1849 338 1880 400 ξ
1913 335 2136 391 47-53.
2637 338 2754 403 171
2839 410 2849 429 .

592 522 734 588 XII.
786 522 1141 588 iudicamur
1183 523 1399 606 itaque
1431 526 1621 590 etiam
1652 524 1974 605 praesente
2003 523 2235 589 iudicio
2279 544 2317 590 a
2346 525 2477 603 ᾶθο,
2526 526 2588 589 et
2619 520 2861 591 ideo5O

504 628 777 691 excitata
822 630 918 691 est
959 629 1025 692 in
1056 628 1391 708 perniciem
1426 646 1495 691 ac
1523 628 1792 693 dedecus
1825 631 2107 693 nostrum
2137 646 2289 710 gens
2324 627 2754 708 ignauissima‚

504 746 659 810 quae
704 730 779 793 de
838 729 970 794 loco
1024 731 1105 795 ad
1165 733 1370 796 locum
1415 750 1675 814 pergens
1734 732 1807 795 de
1865 730 2017 795 urbe
2075 730 2140 794 in
2189 731 2407 795 urbem
2453 733 2757 798 transiens

502 832 795 897 uniuersa
838 835 1136 911 uastaret.
1202 853 1276 899 ac
1305 835 1579 917 primum
1625 856 1662 901 a
1709 836 1839 901 solo
1885 836 2090 916 patrio
2137 835 2330 900 effusa
2372 835 2466 899 est
2508 836 2575 899 in
2608 833 2757 900 Ger·

461 937 778 1002 smaniam
822 938 1188 1020 proximam,
1238 940 1488 1007 nomine
1534 939 1870 1003 barbaram
1917 938 2157 1004 dicione
2185 939 2567 1003 Romanam:
2613 938 2758 1020 post

501 1040 675 1105 cuius
720 1041 993 1123 primum
1038 1041 1293 1106 exitium
1340 1044 1494 1107 arsit
1524 1043 1697 1121 regio
1729 1041 2065 1123 Belgarum
2112 1040 2333 1105 deinde
2378 1058 2523 1122 opes
2557 1040 2755 1122 Aqui-

500 1144 792 1209 tanorum
839 1144 1288 1209 luxuriantium
1335 1147 1400 1209 et
1440 1147 1584 1227 post
1627 1144 1778 1210 haec
1820 1162 2038 1226 corpus
2071 1144 2353 1208 omnium
2385 1144 2753 1221 Galliarum,

499 1247 607 1311 sed
653 1247 961 1327 paulatim
1007 1248 1071 1312 id
1113 1249 1319 1329 ipsum
1381 1251 1611 1325 tamen,
1673 1248 1764 1330 ut,
1819 1247 1968 1311 dum
2027 1265 2169 1329 pars
2218 1247 2392 1312 clade
2457 1246 2753 1327 caeditur,

496 1368 638 1431 pars
685 1352 961 1433 exemplo
1010 1352 1461 1424 emendaretur.
1537 1352 1644 1415 sed
1693 1350 1800 1414 ubi
1845 1352 2010 1431 apud
2067 1368 2176 1415 nos
2241 1349 2591 1414 emendatio
2646 1351 2754 1415 aut
2773 1344 2853 1410 51

428 1477 478 1517 ιο
496 1469 652 1533 quae
696 1471 835 1536 pars
880 1454 1141 1521 Romani
1189 1455 1352 1519 orbis
1398 1453 1686 1536 quamuis
1743 1452 1982 1518 afflicta
2041 1454 2420 1536 corrigitur?
2495 1471 2753 1516 omnes

495 1556 736 1633 enim,
813 1560 885 1623 ut
959 1557 1265 1640 legimus,
1343 1557 2008 1634 declinauerunt‚
2094 1555 2338 1619 simul
2409 1554 2751 1618 inutiles

492 1659 701 1727 facti
751 1662 952 1727 sunt.
1001 1664 1065 1729 et
1107 1661 1243 1730 ideo
1287 1660 1588 1744 propheta
1631 1659 1710 1725 ad
1756 1660 1941 1731 deum
1978 1659 2211 1723 clamat
2258 1662 2319 1723 et
2350 1658 2539 1722 dicit:
2586 1676 2752 1739 per-

493 1763 834 1829 cussisti
901 1780 1026 1828 eos
1093 1764 1166 1828 et
1232 1781 1380 1829 non
1448 1763 1921 1840 doluerunt,
1997 1761 2426 1828 adtriuisti
2486 1780 2612 1827 eos
2672 1764 2751 1826 et

489 1866 929 1931 renuerunt
973 1869 1330 1948 accipere
1376 1866 1950 1949 disciplinam:
2004 1869 2595 1932 indurauerunt
2641 1866 2749 1929 fa-

421 1969 654 2034 15cies
699 1987 881 2033 suas
927 1988 1171 2051 super
1215 1974 1517 2051 petram
1563 1975 1639 2037 et
1685 1972 2118 2035 noluerunt
2161 1970 2479 2036 reuerti.
2562 1987 2750 2051 quam

487 2090 633 2136 uere
678 2073 892 2137 autem
938 2073 1129 2137 etiam
1175 2073 1289 2139 hoc
1332 2073 1399 2141 in
1445 2092 1554 2137 nos
1602 2075 1784 2139 cadat
1830 2092 1929 2138 res
1976 2074 2111 2156 ipsa
2156 2073 2411 2138 indicat.
2503 2077 2749 2139 uastata
2767 2074 2852 2139 52

488 2176 583 2243 est
651 2173 757 2238 diu
819 2173 1061 2243 Gallia:
1107 2193 1278 2257 =ergo
1348 2176 1676 2243 emendata
1742 2180 1869 2258 est,
1941 2195 2084 2242 cum
2151 2177 2216 2240 in
2284 2176 2491 2241 uicino
2562 2179 2744 2253 esset,

484 2276 830 2359 Hispania?
897 2296 1008 2341 nec
1053 2278 1362 2355 inmerito,
1411 2279 1557 2362 quia
1598 2279 1813 2345 nullus
1859 2280 1994 2345 erat
2039 2280 2286 2343 omnino
2333 2280 2522 2344 timor
2574 2278 2749 2343 nulla

487 2380 813 2461 correctio,
862 2381 1148 2461 flammis,
1200 2381 1423 2464 quibus
1473 2387 1750 2456 arserant
1796 2381 1987 2461 Galli,
2036 2381 2298 2465 Hispani
2342 2382 2556 2446 ardere
2605 2400 2743 2449 coe-

415 2487 724 2565 noperunt.
817 2484 883 2548 in
928 2502 1045 2567 quo
1089 2484 1249 2552 illud
1296 2488 1420 2564 est,
1481 2485 1555 2556 ut
1610 2504 1800 2569 supra
1858 2484 2018 2568 dixi,
2081 2485 2635 2551 sceleratissimum
2681 2491 2744 2552 et

484 2586 948 2669 grauissimum,
996 2589 1156 2670 quod
1203 2606 1344 2654 cum
1375 2589 1659 2667 arserint,
1710 2593 1780 2654 ut
1825 2589 1915 2653 ita
1947 2589 2169 2672 dicam,
2219 2589 2506 2658 membra
2542 2590 2743 2662 homi-

480 2708 634 2756 num
679 2694 1102 2776 peccatorum,
1166 2695 1383 2762 curata
1428 2710 1550 2756 non
1597 2695 1745 2764 sunt
1790 2694 1950 2758 uitia
2002 2694 2415 2774 peccantium.
2494 2694 2559 2758 et
2600 2693 2740 2759 ideo

481 2795 836 2874 compulsus
892 2796 988 2859 est
1033 2794 1398 2866 criminibus
1443 2798 1675 2867 nostris
1722 2797 1906 2880 deus,
1967 2799 2037 2870 ut
2097 2797 2354 2863 hostiles
2401 2799 2619 2881 plagas
2665 2799 2742 2878 de

479 2896 613 2964 loco
659 2898 722 2961 in
777 2897 983 2966 locum
1040 2901 1115 2969 de
1172 2898 1322 2970 urbe
1378 2899 1446 2970 in
1492 2902 1709 2968 urbem
1766 2903 2086 2984 spargeret
2147 2904 2212 2966 et
2269 2903 2498 2967 excitas
2547 2921 2741 2984 paene

410 2999 557 3068 mab
607 2997 847 3065 ultimis
893 3000 1096 3070 terrae
1141 3000 1372 3070 finibus
1427 3003 1650 3082 gentes
1713 3005 1904 3067 etiam
1976 3005 2151 3070 trans
2208 3024 2392 3070 mare·
2438 3007 2739 3086 mitteret,

480 3120 638 3184 quae
681 3100 985 3168 Afrorum
1027 3104 1258 3174 scelera
1303 3104 1617 3185 punirent.
1664 3105 1813 3187 quid
1843 3108 2054 3174 enim?
2100 3108 2407 3191 numquid
2437 3109 2738 3182 abductae
2759 3111 2842 3177 53

685 3304 750 3357 10
805 3304 951 3358 Psal.
989 3307 1071 3372 13,
1108 3307 1158 3364 3.
1212 3307 1298 3372 52,
1333 3306 1369 3364 4
1524 3363 1527 3368 ,
1578 3308 1643 3362 12
1677 3308 1911 3364 Hierem.
1948 3312 1996 3375 5,
2033 3311 2067 3364 3

581 3472 610 3524 1
656 3476 923 3541 praesenti
971 3491 1040 3529 em
1086 3477 1359 3544 praesente
1406 3478 1460 3532 A
1506 3492 1643 3536 corr.
1689 3495 1757 3533 m.
1794 3483 1831 3535 2
1883 3479 2026 3534 idem
2063 3486 2190 3548 post
2231 3480 2597 3549 imperniciem

474 3555 507 3608 2
542 3557 899 3625 ignauissimo.
934 3576 1037 3622 om.
1076 3561 1157 3626 ed.
1194 3562 1508 3629 Pithoeana,
1543 3569 1594 3626 et
1626 3566 1960 3632 posteriores
1984 3572 2117 3624 ante
2142 3567 2425 3624 Halmium
2607 3568 2642 3623 3
2678 3569 2734 3622 in

473 3642 648 3697 locum
703 3646 769 3699 B·
965 3647 1028 3704 de
1079 3649 1259 3714 orbem
1305 3649 1361 3702 Β
1409 3648 1496 3716 (de
1532 3649 1659 3705 orhe
1694 3652 1752 3704 in
1787 3650 1968 3710 orbem
2011 3653 2152 3719 Ttv)
2364 3654 2398 3708 5
2439 3656 2734 3723 proximam

470 3730 806 3797 scripsimus:
854 3734 1189 3801 prouinciam
1224 3735 1521 3792 Hartelius
1567 3738 1794 3803 primam
1828 3738 1950 3792 AB
1963 3739 2226 3794 Halmius
2413 3741 2442 3795 7
2480 3741 2627 3812 haec]
2667 3742 2733 3798 de

470 3816 799 3882 confusione
833 3818 1014 3872 altera
1047 3820 1137 3876 hic
1169 3821 1234 3876 in
1268 3838 1302 3878 υ
1338 3827 1391 3880 et
1426 3821 1507 3876 ed.
1536 3838 1627 3890 pr.
1667 3823 1833 3878 obuia
1867 3825 1971 3890 cfr.
2003 3824 2303 3890 Sita-Ber.
2334 3844 2396 3897 p.
2421 3828 2485 3882 21
2507 3844 2587 3898 sq.

473 3900 538 3953 10
575 3900 721 3955 orbis
757 3918 827 3957 ex
859 3903 1010 3957 urbis
1045 3905 1101 3958 A
1136 3921 1275 3960 corr.
1310 3924 1379 3962 m.
1416 3912 1448 3961 1
1660 3910 1723 3963 11
1780 3910 2171 3970 declinauerint
2224 3914 2279 3967 Β
2488 3915 2555 3968 14
2611 3932 2729 3971 ren-

468 3991 706 4041 nuerunt
729 3989 925 4056 priore
959 4006 996 4042 n
1024 3997 1217 4057 punct.
1253 3993 1306 4045 A
1499 3994 1565 4049 15
1600 3997 1655 4049 et
1693 4011 1793 4051 om.
1829 3999 1886 4052 A
2078 4000 2143 4053 16
2180 4000 2237 4053 in
2272 4017 2366 4055 nos
2402 3999 2502 4055 hoc
2536 4001 2592 4055 Β

470 4089 534 4142 17
571 4091 856 4145 emendata
895 4097 954 4159 (s.
990 4110 1096 4150 scr.
1136 4112 1203 4149 m.
1227 4098 1268 4149 2
1303 4084 1355 4150 N
1383 4119 1453 4145 =
1477 4104 1602 4167 non)
1649 4102 1734 4153 est
1778 4101 1833 4154 A
2037 4104 2107 4158 24
2154 4104 2218 4159 de
2263 4105 2389 4160 orbe
2437 4106 2494 4159 in
2546 4106 2728 4160 orbem

463 4174 534 4328 (Β.
565 4265 585 4328 >
621 4263 677 4317 A
761 4177 959 4234 excitas
1017 4196 1059 4235 s.
1112 4197 1217 4240 scr.
1273 4198 1341 4235 m.
1375 4187 1416 4237 2
1469 4188 1526 4238 ta
1580 4186 1636 4240 A
1706 4188 1901 4242 excitas
1958 4190 2014 4243 Β
2254 4192 2324 4247 26
2388 4191 2726 4261 quiafrorum

485 4274 564 4315 stc
