3380 4919
1028 300 1102 353 de
1138 299 1396 367 gubern.
1436 298 1543 352 dei
1584 298 1693 352 VII
1731 302 1760 362 ἓ
1799 297 2085 352 104—108.
2564 300 2682 365 191

428 488 623 554 statui
667 507 809 571 spes
856 492 1080 572 potest,
1129 490 1376 570 quando
1422 488 1716 553 castiores
1764 507 1835 554 ac
1880 490 2152 571 puriores
2197 488 2447 553 barbari
2493 508 2679 572 quam

427 592 692 658 Romani
752 594 943 657 sunt?
1012 611 1233 673 parum
1296 595 1391 655 est
1454 591 1616 673 quod
1660 582 1971 656 'dicimusz
2033 610 2189 673 quae
2247 591 2447 675 nobis,
2510 608 2677 675 rogo,

429 695 575 759 ante
642 696 827 759 deum
895 698 1003 759 aut
1070 694 1237 758 uitae
1295 713 1426 759 esse
1483 695 1594 759 aut
1662 694 1876 759 ueniae
1944 713 2079 776 spes
2145 696 2366 777 potest,
2435 695 2678 777 quando

431 797 783 863 castitatem
849 799 915 862 in
981 798 1261 863 barbaris
1339 796 1653 862 cernimus
1731 800 1793 861 et
1857 815 1969 862 nec
2043 797 2133 861 sio
2200 797 2353 861 casti
2421 799 2677 861 sumus?

389 900 878 979 serubeseamus,
938 917 1181 982 quaes0,
1242 902 1305 965 et
1350 901 1821 964 confundamur.
1889 900 2017 964 iam
2066 901 2228 980 apud
2276 898 2511 963 Gothos
2555 899 2674 962 im-

428 1000 638 1082 pudici
683 1021 805 1066 non
849 1004 997 1067 sunt
1027 1005 1147 1069 nisi
1177 1003 1460 1079 Romani,
1508 1003 1634 1068 iam
1666 1002 1830 1085 apud
1861 1000 2201 1066 Wandalos
2233 1020 2347 1065 nec
2375 1001 2675 1066 Romani:

427 1107 674 1169 tantum
719 1106 882 1187 apud
928 1106 1069 1171 illos
1114 1106 1373 1188 profecit
1420 1106 1701 1172 studium
1735 1106 2159 1181 castimoniae,
2206 1106 2455 1169 tantum
2500 1123 2677 1169 seue-

426 1206 578 1271 ritas
623 1207 1006 1290 disciplinae,
1053 1228 1180 1275 non
1223 1210 1425 1273 solum
1472 1213 1630 1291 quod
1677 1209 1799 1291 ipsi
1844 1210 1997 1273 casti
2043 1211 2205 1288 sunt,
2257 1208 2382 1286 sed,
2430 1209 2503 1272 ut
2546 1226 2674 1272 rem

427 1310 706 1375 dicamus
765 1329 1012 1390 nouam,
1075 1331 1212 1378 rem
1264 1312 1716 1389 incredibilem,
1777 1330 1909 1376 rem
1955 1330 2148 1393 paene
2194 1310 2385 1375 etiam
2427 1312 2674 1377 inaudi-

361 1413 579 1490 10tam,
650 1414 853 1478 castos
923 1415 1114 1481 etiam
1178 1416 1486 1481 Romanos
1555 1433 1689 1480 esse
1749 1413 2048 1479 fecerunt.
2120 1415 2171 1477 si
2230 1413 2567 1479 infirmitas
2612 1416 2677 1479 id
2698 1426 2820 1491 108

427 1516 700 1580 humana
754 1519 1087 1600 pateretur,
1155 1519 1499 1584 exclamare
1556 1538 1740 1601 super
1799 1517 1963 1582 uires
2023 1536 2195 1582 meas
2251 1535 2557 1598 cuperem,
2604 1518 2676 1582 ut

427 1618 559 1682 toto
624 1620 769 1684 orbe
836 1639 1220 1686 resonarem:
1296 1620 1528 1703 pudeat
1598 1637 1744 1692 uos,
1813 1618 2077 1684 Romani
2145 1620 2372 1701 ubique
2438 1620 2671 1702 populi,

426 1722 659 1802 pudeat
703 1723 871 1789 uitae
915 1725 1179 1789 uestrae.
1250 1723 1461 1788 nullae
1490 1740 1683 1805 paene
1716 1721 1904 1786 urbes
1935 1721 2151 1786 lustris
2183 1722 2394 1786 nullae
2425 1723 2673 1787 omnino

425 1824 898 1907 impuritatibus
944 1830 1186 1905 uacant,
1236 1826 1357 1891 nisi
1401 1825 1549 1890 illae
1595 1826 1865 1903 tantum,
1912 1826 1977 1889 in
2008 1824 2231 1908 quibus
2263 1824 2512 1890 barbari
2544 1844 2676 1890 esse

359 1951 407 1991 15
428 1931 779 2009 coeperunt.
852 1931 913 1992 et
957 1929 1263 1994 miramur
1309 1928 1364 1994 si
1407 1928 1625 1993 miseri
1667 1927 1773 2010 qui
1820 1930 1954 1992 tam
2000 1927 2229 2008 impuri
2274 1946 2509 2006 sumuS,
2555 1928 2676 1992 mi-

426 2047 639 2095 ramur
683 2031 738 2094 si
783 2032 860 2096 ab
906 2032 1085 2097 hoste
1129 2030 1367 2096 uiribus
1414 2032 1730 2097 uincimur
1764 2030 1870 2114 qui
1915 2031 2239 2096 honestate
2285 2050 2671 2113 superamur,

424 2133 726 2198 miramur
771 2134 827 2198 si
875 2137 1033 2200 bona
1076 2135 1287 2200 nostra
1328 2134 1643 2216 possident
1674 2136 1779 2217 qui
1825 2135 1995 2198 mala
2031 2137 2248 2199 nostra
2292 2137 2670 2199 execrantur.

422 2253 536 2299 nec
581 2236 720 2301 illos
767 2237 1055 2303 naturale
1086 2237 1274 2301 robur
1305 2256 1631 2320 corporum
1665 2237 1816 2302 facit
1845 2238 2097 2301 uincere
2126 2255 2236 2301 nec
2265 2255 2377 2301 nos
2410 2238 2672 2303 naturae

425 2336 757 2404 infirmitas
832 2340 1021 2405 uinci.
1111 2358 1293 2404 nemo
1367 2339 1489 2403 sibi
1566 2338 1739 2403 aliud
1804 2340 2176 2420 persuadeat
2246 2357 2425 2403 nemo
2499 2340 2670 2407 aliud

357 2466 407 2505 20
426 2441 801 2508 arbitretur:
848 2442 982 2509 sola
1025 2462 1134 2509 nos
1177 2462 1421 2509 morum
1470 2443 1825 2507 nostrorum
1870 2443 2033 2508 uitia
2075 2442 2379 2509 uicerunt.

521 2733 557 2786 4
591 2735 850 2787 castatem
885 2749 927 2787 s.
962 2750 1065 2788 scr.
1102 2751 1170 2787 m.
1195 2739 1227 2787 1
1262 2735 1309 2787 ti
1344 2735 1399 2788 A
1595 2733 1626 2786 7
1663 2732 1875 2801 proficit
1911 2732 1965 2786 A
2159 2732 2193 2786 8
2229 2736 2356 2786 sunt
2390 2734 2472 2801 A,
2525 2735 2671 2803 quod

420 2819 706 2873 Halmium
754 2820 918 2889 fuyit,
973 2821 1069 2889 qui
1118 2821 1261 2874 idem
1307 2822 1388 2875 ait
1434 2822 1497 2873 i‘n
1533 2820 1664 2873 adn.
1704 2821 1825 2875 erit.
1880 2821 1933 2886 ‘f
1925 2825 2024 2873 ort.
2064 2821 2231 2887 sunt’3
2287 2821 2398 2874 sint
2432 2821 2516 2884 Β;
2569 2836 2670 2876 nos

419 2904 591 2972 iyitwr
626 2907 753 2958 sunt
789 2907 1105 2974 recepimus,
1146 2907 1475 2974 praesertim
1510 2923 1629 2960 cum
1663 2912 1930 2974 sequatur
1957 2906 2199 2960 fecerunt
2235 2912 2302 2972 et,
2349 2908 2669 2975 ubicumque

422 2989 575 3056 apud
611 2989 764 3043 Sala.
800 2991 881 3043 ita
917 2992 1054 3059 (sic),
1088 2992 1229 3060 quod
1256 3007 1366 3060 pro
1403 2993 1484 3045 ita
1519 2994 1654 3058 (sic),
1694 2996 1757 3045 ut
1791 2992 2083 3046 adhibetur
2115 2993 2459 3047 indicativus
2492 3009 2667 3061 appa-

420 3080 553 3140 reat,
588 3075 668 3128 sic
701 3075 744 3128 Ι
769 3079 851 3130 15.
889 3075 1020 3129 ΗΠ
1046 3080 1130 3131 14.
1173 3077 1226 3131 V
1253 3080 1340 3132 32.
1388 3077 1513 3132 VII
1538 3081 1631 3132 89.
1657 3081 1749 3131 96.
1785 3079 1861 3132 ad
1898 3077 2050 3132 Eecl.
2086 3079 2157 3132 Π
2182 3083 2236 3133 8.
2264 3082 2334 3132 19
2517 3081 2582 3132 ut
2616 3081 2672 3133 A

419 3175 461 3212 s.
498 3160 531 3213 l.
569 3174 639 3213 m.
678 3162 718 3213 2
924 3160 990 3215 12
1037 3177 1133 3215 nos
1167 3167 1232 3217 ut
1266 3163 1454 3217 statim
1489 3164 1703 3216 nostrae
1737 3166 1790 3215 A
2001 3162 2065 3218 13
2112 3165 2270 3217 urbes
2316 3180 2385 3218 ex
2431 3162 2580 3218 urbis
2616 3164 2672 3218 A

421 3260 557 3299 corr.
604 3262 672 3299 m.
709 3248 750 3299 2
957 3246 1024 3301 14
1075 3248 1159 3301 illi
1211 3250 1267 3302 A
1478 3249 1542 3302 15
1590 3249 1979 3317 impurissimos
2024 3251 2119 3305 sed
2166 3252 2260 3305 alt.
2311 3268 2335 3304 s
2381 3256 2565 3319 pumat.
2618 3257 2671 3306 et

418 3346 582 3399 super
617 3347 647 3385 o
682 3348 787 3386 ser.
824 3350 860 3385 u
894 3349 961 3387 m.
1000 3336 1040 3387 2
1073 3334 1142 3401 A,
1197 3334 1398 3403 impuri
1446 3350 1633 3388 sumus
1681 3335 1759 3393 B3
1815 3335 2013 3405 impuri
2049 3336 2215 3390 simus
2254 3337 2528 3402 Halmius,
2576 3338 2672 3405 qui

413 3422 707 3485 propterea
752 3419 814 3471 in
849 3434 986 3487 seqq.
1033 3418 1162 3473 add.
1175 3439 1193 3472 .-
1246 3420 1391 3486 ‘sort.
1448 3424 1768 3488 superemur’
1813 3427 1864 3476 et
1909 3422 2126 3475 adicere
2172 3421 2392 3476 debebat
2444 3422 2511 3475 ‘et
2557 3437 2671 3475 exe-

420 3504 643 3557 crentur'
882 3505 952 3558 20
996 3511 1125 3573 post
1176 3506 1420 3561 uicerunt
1473 3507 1535 3559 in
1585 3507 1637 3560 A
1693 3506 2021 3576 subscriptio
2074 3513 2187 3561 estz
2244 3521 2503 3561 Exrmctr
2558 3511 2665 3562 Lfn.

420 3604 706 3644 snr‘rnmS.
752 3595 923 3645 mcfi’.
972 3595 1080 3646 Βῆ.
1129 3606 1372 3647 οσῐΔσυε
1419 3607 1562 3646 men
1606 3607 1913 3647 ramorum.

1342 3894 1744 3901 ψ.-
