<?xml version="1.0" encoding="UTF-8"?>
<!DOCTYPE html PUBLIC "-//W3C//DTD XHTML 1.0 Transitional//EN"
    "http://www.w3.org/TR/xhtml1/DTD/xhtml1-transitional.dtd">
<html xmlns="http://www.w3.org/1999/xhtml" xml:lang="en" lang="en">
 <head>
  <title>
</title>
<meta http-equiv="Content-Type" content="text/html;charset=utf-8" />
  <meta name='ocr-system' content='tesseract 3.04.00' />
  <meta name='ocr-capabilities' content='ocr_page ocr_carea ocr_par ocr_line ocrx_word'/>
</head>
<body>
  <div class='ocr_page' id='page_1' title='image "./operaomnia07paulgoog_0255.png"; bbox 0 0 3380 4919; ppageno 0'>
   <div class='ocr_carea' id='block_1_1' title="bbox 1259 290 2764 360">
    <p class='ocr_par' dir='ltr' id='par_1_1' title="bbox 1259 290 2764 360">
     <span class='ocr_line' id='line_1_1' title="bbox 1259 290 2764 360; baseline 0.011 -17"><span class='ocrx_word' id='word_1_1' title='bbox 1259 290 1598 358; x_wconf 87' lang='lat' dir='ltr'>epistolae</span> <span class='ocrx_word' id='word_1_2' title='bbox 1643 291 1800 346; x_wconf 85' lang='lat' dir='ltr'>VIII.</span> <span class='ocrx_word' id='word_1_3' title='bbox 1837 292 2024 347; x_wconf 88' lang='lat' dir='ltr'>VIIII.</span> <span class='ocrx_word' id='word_1_4' title='bbox 2637 293 2764 360; x_wconf 83' lang='grc'>217</span> 
     </span>
    </p>
   </div>
   <div class='ocr_carea' id='block_1_2' title="bbox 1264 580 2011 665">
    <p class='ocr_par' dir='ltr' id='par_1_2' title="bbox 1264 580 2011 665">
     <span class='ocr_line' id='line_1_2' title="bbox 1264 580 2011 665; baseline 0.001 -1"><span class='ocrx_word' id='word_1_5' title='bbox 1264 580 1725 665; x_wconf 81' lang='lat' dir='ltr'>EPISTOLA</span> <span class='ocrx_word' id='word_1_6' title='bbox 1782 581 2011 665; x_wconf 85' lang='lat' dir='ltr'>VIIH.</span> 
     </span>
    </p>
   </div>
   <div class='ocr_carea' id='block_1_3' title="bbox 512 787 2819 1077">
    <p class='ocr_par' dir='ltr' id='par_1_3' title="bbox 512 787 2819 1077">
     <span class='ocr_line' id='line_1_3' title="bbox 515 787 2819 874; baseline 0.002 -22"><span class='ocrx_word' id='word_1_7' title='bbox 515 787 847 853; x_wconf 92' lang='lat' dir='ltr'>Domino</span> <span class='ocrx_word' id='word_1_8' title='bbox 893 807 976 854; x_wconf 84' lang='lat' dir='ltr'>ac·</span> <span class='ocrx_word' id='word_1_9' title='bbox 1022 789 1484 855; x_wconf 91' lang='lat' dir='ltr'>beatissimo</span> <span class='ocrx_word' id='word_1_10' title='bbox 1552 790 1976 872; x_wconf 90' lang='lat' dir='ltr'>discipulo,</span> <span class='ocrx_word' id='word_1_11' title='bbox 2048 790 2290 872; x_wconf 90' lang='lat' dir='ltr'>patri,</span> <span class='ocrx_word' id='word_1_12' title='bbox 2354 790 2565 873; x_wconf 86' lang='lat' dir='ltr'>filio,</span> <span class='ocrx_word' id='word_1_13' title='bbox 2632 792 2819 874; x_wconf 89' lang='lat' dir='ltr'>perl</span> 
     </span>
     <span class='ocr_line' id='line_1_4' title="bbox 512 891 2761 974; baseline 0.001 -19"><span class='ocrx_word' id='word_1_14' title='bbox 512 891 1125 957; x_wconf 90' lang='lat' dir='ltr'>institutionem</span> <span class='ocrx_word' id='word_1_15' title='bbox 1170 893 1594 974; x_wconf 90' lang='lat' dir='ltr'>discipulo,</span> <span class='ocrx_word' id='word_1_16' title='bbox 1643 912 1777 974; x_wconf 91' lang='lat' dir='ltr'>per</span> <span class='ocrx_word' id='word_1_17' title='bbox 1820 911 2156 963; x_wconf 88' lang='lat' dir='ltr'>amorem</span> <span class='ocrx_word' id='word_1_18' title='bbox 2201 892 2417 970; x_wconf 89' lang='lat' dir='ltr'>filio,</span> <span class='ocrx_word' id='word_1_19' title='bbox 2465 912 2595 974; x_wconf 91' lang='lat' dir='ltr'>per</span> <span class='ocrx_word' id='word_1_20' title='bbox 2640 893 2761 958; x_wconf 86' lang='lat' dir='ltr'>ho-</span> 
     </span>
     <span class='ocr_line' id='line_1_5' title="bbox 728 994 2545 1077; baseline 0.002 -19"><span class='ocrx_word' id='word_1_21' title='bbox 728 1013 989 1059; x_wconf 82' lang='lat' dir='ltr'>norem</span> <span class='ocrx_word' id='word_1_22' title='bbox 1036 995 1275 1077; x_wconf 88' lang='lat' dir='ltr'>patri,</span> <span class='ocrx_word' id='word_1_23' title='bbox 1322 994 1646 1061; x_wconf 88' lang='lat' dir='ltr'>Salonio</span> <span class='ocrx_word' id='word_1_24' title='bbox 1694 996 2058 1077; x_wconf 91' lang='lat' dir='ltr'>episcopo</span> <span class='ocrx_word' id='word_1_25' title='bbox 2103 995 2545 1062; x_wconf 80' lang='lat' dir='ltr'>SaluianuS.</span> 
     </span>
    </p>
   </div>
   <div class='ocr_carea' id='block_1_4' title="bbox 436 1114 2820 3162">
    <p class='ocr_par' dir='ltr' id='par_1_4' title="bbox 470 1114 2820 1613">
     <span class='ocr_line' id='line_1_6' title="bbox 470 1114 2761 1198; baseline -0.002 -14"><span class='ocrx_word' id='word_1_26' title='bbox 470 1143 495 1184; x_wconf 85' lang='lat'><strong>5</strong></span> <span class='ocrx_word' id='word_1_27' title='bbox 598 1115 854 1193; x_wconf 82' lang='lat' dir='ltr'>Quaeris</span> <span class='ocrx_word' id='word_1_28' title='bbox 900 1134 936 1180; x_wconf 90' lang='lat' dir='ltr'>a</span> <span class='ocrx_word' id='word_1_29' title='bbox 980 1134 1099 1197; x_wconf 91' lang='lat' dir='ltr'>me,</span> <span class='ocrx_word' id='word_1_30' title='bbox 1147 1135 1183 1181; x_wconf 96' lang='lat' dir='ltr'>o</span> <span class='ocrx_word' id='word_1_31' title='bbox 1227 1118 1315 1180; x_wconf 92' lang='lat' dir='ltr'>mi</span> <span class='ocrx_word' id='word_1_32' title='bbox 1361 1114 1590 1194; x_wconf 89' lang='lat' dir='ltr'>Saloni,</span> <span class='ocrx_word' id='word_1_33' title='bbox 1651 1115 1874 1180; x_wconf 87' lang='lat' dir='ltr'>caritas</span> <span class='ocrx_word' id='word_1_34' title='bbox 1921 1134 2076 1194; x_wconf 87' lang='lat' dir='ltr'>mea,</span> <span class='ocrx_word' id='word_1_35' title='bbox 2138 1135 2246 1180; x_wconf 92' lang='lat' dir='ltr'>cur</span> <span class='ocrx_word' id='word_1_36' title='bbox 2293 1116 2521 1181; x_wconf 83' lang='lat' dir='ltr'>libellis</span> <span class='ocrx_word' id='word_1_37' title='bbox 2566 1134 2761 1198; x_wconf 88' lang='lat' dir='ltr'>nuper</span> 
     </span>
     <span class='ocr_line' id='line_1_7' title="bbox 511 1218 2809 1301; baseline 0.002 -21"><span class='ocrx_word' id='word_1_38' title='bbox 511 1235 549 1280; x_wconf 90' lang='lat' dir='ltr'>a</span> <span class='ocrx_word' id='word_1_39' title='bbox 596 1218 863 1298; x_wconf 89' lang='lat' dir='ltr'>quodam</span> <span class='ocrx_word' id='word_1_40' title='bbox 906 1218 1089 1282; x_wconf 88' lang='lat' dir='ltr'>huius</span> <span class='ocrx_word' id='word_1_41' title='bbox 1135 1220 1433 1301; x_wconf 90' lang='lat' dir='ltr'>temporis</span> <span class='ocrx_word' id='word_1_42' title='bbox 1481 1219 1728 1283; x_wconf 88' lang='lat' dir='ltr'>homine</span> <span class='ocrx_word' id='word_1_43' title='bbox 1765 1221 1841 1283; x_wconf 90' lang='lat' dir='ltr'>ad</span> <span class='ocrx_word' id='word_1_44' title='bbox 1875 1220 2197 1284; x_wconf 85' lang='lat' dir='ltr'>ecclesiam</span> <span class='ocrx_word' id='word_1_45' title='bbox 2230 1219 2415 1285; x_wconf 87' lang='lat' dir='ltr'>factis</span> <span class='ocrx_word' id='word_1_46' title='bbox 2450 1219 2760 1284; x_wconf 82' lang='lat' dir='ltr'>Timothei</span> <span class='ocrx_word' id='word_1_47' title='bbox 2802 1228 2809 1237; x_wconf 89' lang='lat'>&#39;</span> 
     </span>
     <span class='ocr_line' id='line_1_8' title="bbox 512 1321 2757 1404; baseline 0.001 -20"><span class='ocrx_word' id='word_1_48' title='bbox 512 1338 740 1385; x_wconf 89' lang='lat' dir='ltr'>nomen</span> <span class='ocrx_word' id='word_1_49' title='bbox 797 1322 1168 1402; x_wconf 87' lang='lat' dir='ltr'>inscriptum</span> <span class='ocrx_word' id='word_1_50' title='bbox 1230 1323 1332 1386; x_wconf 88' lang='lat' dir='ltr'>sit.</span> <span class='ocrx_word' id='word_1_51' title='bbox 1410 1322 1588 1387; x_wconf 89' lang='lat' dir='ltr'>addis</span> <span class='ocrx_word' id='word_1_52' title='bbox 1649 1324 1985 1402; x_wconf 87' lang='lat' dir='ltr'>praeterea,</span> <span class='ocrx_word' id='word_1_53' title='bbox 2056 1323 2218 1404; x_wconf 90' lang='lat' dir='ltr'>quod</span> <span class='ocrx_word' id='word_1_54' title='bbox 2274 1323 2395 1385; x_wconf 90' lang='lat' dir='ltr'>nisi</span> <span class='ocrx_word' id='word_1_55' title='bbox 2455 1321 2757 1387; x_wconf 85' lang='lat' dir='ltr'>rationem</span> 
     </span>
     <span class='ocr_line' id='line_1_9' title="bbox 510 1423 2759 1506; baseline 0 -18"><span class='ocrx_word' id='word_1_56' title='bbox 510 1425 795 1489; x_wconf 89' lang='lat' dir='ltr'>uocabuli</span> <span class='ocrx_word' id='word_1_57' title='bbox 826 1425 1142 1489; x_wconf 88' lang='lat' dir='ltr'>euidenter</span> <span class='ocrx_word' id='word_1_58' title='bbox 1175 1443 1548 1506; x_wconf 85' lang='lat' dir='ltr'>expressero,</span> <span class='ocrx_word' id='word_1_59' title='bbox 1595 1425 1747 1489; x_wconf 91' lang='lat' dir='ltr'>dum</span> <span class='ocrx_word' id='word_1_60' title='bbox 1778 1425 2181 1490; x_wconf 76' lang='lat' dir='ltr'>nominantur</span> <span class='ocrx_word' id='word_1_61' title='bbox 2214 1423 2545 1503; x_wconf 75' lang='lat' dir='ltr'>Timothei,</span> <span class='ocrx_word' id='word_1_62' title='bbox 2594 1425 2759 1489; x_wconf 89' lang='lat' dir='ltr'>inter</span> 
     </span>
     <span class='ocr_line' id='line_1_10' title="bbox 511 1526 2820 1613; baseline 0 -21"><span class='ocrx_word' id='word_1_63' title='bbox 511 1526 801 1609; x_wconf 81' lang='lat' dir='ltr'>apocryfa</span> <span class='ocrx_word' id='word_1_64' title='bbox 869 1528 995 1592; x_wconf 91' lang='lat' dir='ltr'>sint</span> <span class='ocrx_word' id='word_1_65' title='bbox 1059 1529 1325 1594; x_wconf 89' lang='lat' dir='ltr'>fortasse</span> <span class='ocrx_word' id='word_1_66' title='bbox 1392 1529 1749 1611; x_wconf 88' lang='lat' dir='ltr'>reputandi.</span> <span class='ocrx_word' id='word_1_67' title='bbox 1820 1547 1933 1611; x_wconf 86' lang='lat' dir='ltr'>ago</span> <span class='ocrx_word' id='word_1_68' title='bbox 2004 1530 2239 1613; x_wconf 76' lang='lat' dir='ltr'>gratias</span> <span class='ocrx_word' id='word_1_69' title='bbox 2302 1532 2486 1610; x_wconf 89' lang='lat' dir='ltr'>atque</span> <span class='ocrx_word' id='word_1_70' title='bbox 2543 1527 2820 1604; x_wconf 70' lang='lat' dir='ltr'>habeo,2</span> 
     </span>
    </p>

    <p class='ocr_par' dir='ltr' id='par_1_5' title="bbox 442 1629 2761 2127">
     <span class='ocr_line' id='line_1_11' title="bbox 442 1629 2760 1713; baseline -0.003 -12"><span class='ocrx_word' id='word_1_71' title='bbox 442 1661 493 1700; x_wconf 87' lang='grc' dir='ltr'>ιο</span> <span class='ocrx_word' id='word_1_72' title='bbox 511 1629 674 1712; x_wconf 90' lang='lat' dir='ltr'>quod</span> <span class='ocrx_word' id='word_1_73' title='bbox 719 1630 796 1694; x_wconf 91' lang='lat' dir='ltr'>de</span> <span class='ocrx_word' id='word_1_74' title='bbox 840 1649 940 1694; x_wconf 91' lang='lat' dir='ltr'>me</span> <span class='ocrx_word' id='word_1_75' title='bbox 987 1633 1078 1695; x_wconf 90' lang='lat' dir='ltr'>ita</span> <span class='ocrx_word' id='word_1_76' title='bbox 1140 1631 1399 1709; x_wconf 85' lang='lat' dir='ltr'>iudicas,</span> <span class='ocrx_word' id='word_1_77' title='bbox 1465 1633 1537 1695; x_wconf 91' lang='lat' dir='ltr'>ut</span> <span class='ocrx_word' id='word_1_78' title='bbox 1591 1632 1897 1713; x_wconf 88' lang='lat' dir='ltr'>pertinere</span> <span class='ocrx_word' id='word_1_79' title='bbox 1955 1631 2070 1696; x_wconf 93' lang='lat' dir='ltr'>hoc</span> <span class='ocrx_word' id='word_1_80' title='bbox 2133 1631 2449 1696; x_wconf 79' lang='lat' dir='ltr'>existimes</span> <span class='ocrx_word' id='word_1_81' title='bbox 2494 1635 2570 1697; x_wconf 90' lang='lat' dir='ltr'>ad</span> <span class='ocrx_word' id='word_1_82' title='bbox 2612 1630 2760 1694; x_wconf 84' lang='lat' dir='ltr'>fidei</span> 
     </span>
     <span class='ocr_line' id='line_1_12' title="bbox 510 1735 2758 1816; baseline -0.001 -18"><span class='ocrx_word' id='word_1_83' title='bbox 510 1753 684 1799; x_wconf 89' lang='lat' dir='ltr'>meae</span> <span class='ocrx_word' id='word_1_84' title='bbox 731 1752 962 1812; x_wconf 85' lang='lat' dir='ltr'>curam,</span> <span class='ocrx_word' id='word_1_85' title='bbox 1021 1754 1097 1799; x_wconf 93' lang='lat' dir='ltr'>ne</span> <span class='ocrx_word' id='word_1_86' title='bbox 1145 1736 1294 1816; x_wconf 92' lang='lat' dir='ltr'>quid</span> <span class='ocrx_word' id='word_1_87' title='bbox 1340 1735 1747 1800; x_wconf 86' lang='lat' dir='ltr'>ecclesiastici</span> <span class='ocrx_word' id='word_1_88' title='bbox 1791 1735 1991 1816; x_wconf 89' lang='lat' dir='ltr'>operis</span> <span class='ocrx_word' id='word_1_89' title='bbox 2037 1735 2331 1801; x_wconf 86' lang='lat' dir='ltr'>uacillare</span> <span class='ocrx_word' id='word_1_90' title='bbox 2377 1735 2758 1816; x_wconf 84' lang='lat' dir='ltr'>permittam,</span> 
     </span>
     <span class='ocr_line' id='line_1_13' title="bbox 509 1837 2761 1920; baseline -0.001 -18"><span class='ocrx_word' id='word_1_91' title='bbox 509 1837 752 1902; x_wconf 88' lang='lat' dir='ltr'>scilicet</span> <span class='ocrx_word' id='word_1_92' title='bbox 796 1839 868 1901; x_wconf 87' lang='lat' dir='ltr'>ut</span> <span class='ocrx_word' id='word_1_93' title='bbox 912 1858 1012 1903; x_wconf 89' lang='lat' dir='ltr'>res</span> <span class='ocrx_word' id='word_1_94' title='bbox 1058 1857 1340 1903; x_wconf 89' lang='lat' dir='ltr'>summae</span> <span class='ocrx_word' id='word_1_95' title='bbox 1386 1839 1778 1904; x_wconf 85' lang='lat' dir='ltr'>salubritatis</span> <span class='ocrx_word' id='word_1_96' title='bbox 1824 1856 1946 1903; x_wconf 90' lang='lat' dir='ltr'>non</span> <span class='ocrx_word' id='word_1_97' title='bbox 1993 1839 2078 1904; x_wconf 89' lang='lat' dir='ltr'>sit</span> <span class='ocrx_word' id='word_1_98' title='bbox 2123 1839 2378 1903; x_wconf 88' lang='lat' dir='ltr'>minoris</span> <span class='ocrx_word' id='word_1_99' title='bbox 2425 1838 2610 1920; x_wconf 87' lang='lat' dir='ltr'>pretii</span> <span class='ocrx_word' id='word_1_100' title='bbox 2653 1855 2761 1920; x_wconf 84' lang='lat' dir='ltr'>per</span> 
     </span>
     <span class='ocr_line' id='line_1_14' title="bbox 509 1939 2759 2025; baseline 0 -23"><span class='ocrx_word' id='word_1_101' title='bbox 509 1940 814 2022; x_wconf 89' lang='lat' dir='ltr'>opinionis</span> <span class='ocrx_word' id='word_1_102' title='bbox 874 1943 1196 2005; x_wconf 87' lang='lat' dir='ltr'>incertum.</span> <span class='ocrx_word' id='word_1_103' title='bbox 1266 1942 1547 2006; x_wconf 87' lang='lat' dir='ltr'>sufficere</span> <span class='ocrx_word' id='word_1_104' title='bbox 1602 1942 1813 2025; x_wconf 90' lang='lat' dir='ltr'>itaque</span> <span class='ocrx_word' id='word_1_105' title='bbox 1869 1942 1946 2005; x_wconf 89' lang='lat' dir='ltr'>ad</span> <span class='ocrx_word' id='word_1_106' title='bbox 2004 1942 2452 2006; x_wconf 77' lang='lat' dir='ltr'>excludendam</span> <span class='ocrx_word' id='word_1_107' title='bbox 2509 1939 2759 2021; x_wconf 88' lang='lat' dir='ltr'>penitus</span> 
     </span>
     <span class='ocr_line' id='line_1_15' title="bbox 507 2044 2756 2127; baseline -0.001 -19"><span class='ocrx_word' id='word_1_108' title='bbox 507 2044 774 2126; x_wconf 84' lang='lat' dir='ltr'>apocryfi</span> <span class='ocrx_word' id='word_1_109' title='bbox 834 2044 968 2109; x_wconf 91' lang='lat' dir='ltr'>stili</span> <span class='ocrx_word' id='word_1_110' title='bbox 1013 2045 1429 2126; x_wconf 79' lang='lat' dir='ltr'>suspicionem</span> <span class='ocrx_word' id='word_1_111' title='bbox 1475 2047 1666 2111; x_wconf 89' lang='lat' dir='ltr'>etiam</span> <span class='ocrx_word' id='word_1_112' title='bbox 1713 2047 1829 2110; x_wconf 89' lang='lat' dir='ltr'>hoc</span> <span class='ocrx_word' id='word_1_113' title='bbox 1873 2047 2076 2110; x_wconf 90' lang='lat' dir='ltr'>solum</span> <span class='ocrx_word' id='word_1_114' title='bbox 2121 2047 2383 2127; x_wconf 87' lang='lat' dir='ltr'>poterat,</span> <span class='ocrx_word' id='word_1_115' title='bbox 2445 2046 2605 2125; x_wconf 89' lang='lat' dir='ltr'>quod</span> <span class='ocrx_word' id='word_1_116' title='bbox 2650 2061 2756 2106; x_wconf 87' lang='lat' dir='ltr'>su·</span> 
     </span>
    </p>

    <p class='ocr_par' dir='ltr' id='par_1_6' title="bbox 440 2147 2818 2644">
     <span class='ocr_line' id='line_1_16' title="bbox 440 2147 2757 2231; baseline -0.002 -18"><span class='ocrx_word' id='word_1_117' title='bbox 440 2174 490 2216; x_wconf 84' lang='lat'>15</span> <span class='ocrx_word' id='word_1_118' title='bbox 507 2147 712 2229; x_wconf 83' lang='lat' dir='ltr'>petius</span> <span class='ocrx_word' id='word_1_119' title='bbox 764 2147 1038 2212; x_wconf 89' lang='lat' dir='ltr'>indicaui</span> <span class='ocrx_word' id='word_1_120' title='bbox 1096 2149 1289 2213; x_wconf 89' lang='lat' dir='ltr'>libros</span> <span class='ocrx_word' id='word_1_121' title='bbox 1335 2151 1678 2215; x_wconf 80' lang='lat' dir='ltr'>neotericae</span> <span class='ocrx_word' id='word_1_122' title='bbox 1723 2148 2166 2231; x_wconf 88' lang='lat' dir='ltr'>disputationis</span> <span class='ocrx_word' id='word_1_123' title='bbox 2212 2166 2346 2212; x_wconf 84' lang='lat' dir='ltr'>esse</span> <span class='ocrx_word' id='word_1_124' title='bbox 2392 2150 2456 2210; x_wconf 94' lang='lat' dir='ltr'>et</span> <span class='ocrx_word' id='word_1_125' title='bbox 2499 2166 2538 2209; x_wconf 88' lang='lat' dir='ltr'>a</span> <span class='ocrx_word' id='word_1_126' title='bbox 2580 2163 2757 2228; x_wconf 87' lang='lat' dir='ltr'>prae-</span> 
     </span>
     <span class='ocr_line' id='line_1_17' title="bbox 508 2250 2757 2333; baseline -0.002 -19"><span class='ocrx_word' id='word_1_127' title='bbox 508 2251 702 2314; x_wconf 87' lang='lat' dir='ltr'>sentis</span> <span class='ocrx_word' id='word_1_128' title='bbox 746 2251 1046 2333; x_wconf 88' lang='lat' dir='ltr'>temporis</span> <span class='ocrx_word' id='word_1_129' title='bbox 1103 2251 1349 2316; x_wconf 89' lang='lat' dir='ltr'>homine</span> <span class='ocrx_word' id='word_1_130' title='bbox 1408 2252 1765 2316; x_wconf 89' lang='lat' dir='ltr'>diuinarum</span> <span class='ocrx_word' id='word_1_131' title='bbox 1811 2271 2019 2315; x_wconf 90' lang='lat' dir='ltr'>rerum</span> <span class='ocrx_word' id='word_1_132' title='bbox 2066 2250 2274 2315; x_wconf 90' lang='lat' dir='ltr'>studio</span> <span class='ocrx_word' id='word_1_133' title='bbox 2320 2251 2504 2331; x_wconf 88' lang='lat' dir='ltr'>atque</span> <span class='ocrx_word' id='word_1_134' title='bbox 2548 2266 2757 2313; x_wconf 87' lang='lat' dir='ltr'>amore</span> 
     </span>
     <span class='ocr_line' id='line_1_18' title="bbox 507 2352 2759 2437; baseline -0.002 -19"><span class='ocrx_word' id='word_1_135' title='bbox 507 2355 919 2437; x_wconf 82' lang='lat' dir='ltr'>conscriptos3</span> <span class='ocrx_word' id='word_1_136' title='bbox 970 2359 1181 2419; x_wconf 86' lang='lat' dir='ltr'>carent</span> <span class='ocrx_word' id='word_1_137' title='bbox 1227 2356 1394 2419; x_wconf 91' lang='lat' dir='ltr'>enim</span> <span class='ocrx_word' id='word_1_138' title='bbox 1442 2353 1731 2436; x_wconf 85' lang='lat' dir='ltr'>apocryfa</span> <span class='ocrx_word' id='word_1_139' title='bbox 1777 2353 2141 2435; x_wconf 80' lang='lat' dir='ltr'>suspicione,</span> <span class='ocrx_word' id='word_1_140' title='bbox 2190 2352 2295 2435; x_wconf 92' lang='lat' dir='ltr'>qui</span> <span class='ocrx_word' id='word_1_141' title='bbox 2342 2353 2759 2434; x_wconf 85' lang='lat' dir='ltr'>agnoscuntur</span> 
     </span>
     <span class='ocr_line' id='line_1_19' title="bbox 507 2452 2818 2539; baseline -0.002 -18"><span class='ocrx_word' id='word_1_142' title='bbox 507 2456 822 2522; x_wconf 84' lang='lat' dir='ltr'>Timothei</span> <span class='ocrx_word' id='word_1_143' title='bbox 891 2458 1154 2538; x_wconf 87' lang='lat' dir='ltr'>apostoli</span> <span class='ocrx_word' id='word_1_144' title='bbox 1222 2475 1342 2522; x_wconf 92' lang='lat' dir='ltr'>non</span> <span class='ocrx_word' id='word_1_145' title='bbox 1406 2457 1618 2523; x_wconf 87' lang='lat' dir='ltr'>fuisse.</span> <span class='ocrx_word' id='word_1_146' title='bbox 1694 2457 1800 2522; x_wconf 90' lang='lat' dir='ltr'>sed</span> <span class='ocrx_word' id='word_1_147' title='bbox 1868 2455 2131 2539; x_wconf 85' lang='lat' dir='ltr'>requirit</span> <span class='ocrx_word' id='word_1_148' title='bbox 2200 2455 2464 2521; x_wconf 86' lang='lat' dir='ltr'>forsitan</span> <span class='ocrx_word' id='word_1_149' title='bbox 2530 2452 2818 2535; x_wconf 41' lang='lat' dir='ltr'>aliqfuis3</span> 
     </span>
     <span class='ocr_line' id='line_1_20' title="bbox 507 2560 2757 2644; baseline -0.002 -19"><span class='ocrx_word' id='word_1_150' title='bbox 507 2561 644 2644; x_wconf 85' lang='lat' dir='ltr'>quis</span> <span class='ocrx_word' id='word_1_151' title='bbox 708 2561 815 2625; x_wconf 92' lang='lat' dir='ltr'>ille</span> <span class='ocrx_word' id='word_1_152' title='bbox 880 2564 1094 2626; x_wconf 88' lang='lat' dir='ltr'>auctor</span> <span class='ocrx_word' id='word_1_153' title='bbox 1158 2562 1263 2639; x_wconf 87' lang='lat' dir='ltr'>sit,</span> <span class='ocrx_word' id='word_1_154' title='bbox 1330 2561 1384 2625; x_wconf 92' lang='lat' dir='ltr'>si</span> <span class='ocrx_word' id='word_1_155' title='bbox 1431 2563 1745 2644; x_wconf 88' lang='lat' dir='ltr'>apostolus</span> <span class='ocrx_word' id='word_1_156' title='bbox 1813 2580 1934 2627; x_wconf 91' lang='lat' dir='ltr'>non</span> <span class='ocrx_word' id='word_1_157' title='bbox 1999 2563 2116 2640; x_wconf 89' lang='lat' dir='ltr'>est,</span> <span class='ocrx_word' id='word_1_158' title='bbox 2183 2561 2246 2624; x_wconf 91' lang='lat' dir='ltr'>et</span> <span class='ocrx_word' id='word_1_159' title='bbox 2303 2560 2517 2623; x_wconf 90' lang='lat' dir='ltr'>utrum</span> <span class='ocrx_word' id='word_1_160' title='bbox 2574 2576 2757 2623; x_wconf 89' lang='lat' dir='ltr'>suum</span> 
     </span>
    </p>

    <p class='ocr_par' dir='ltr' id='par_1_7' title="bbox 436 2661 2759 3162">
     <span class='ocr_line' id='line_1_21' title="bbox 436 2661 2759 2748; baseline -0.003 -17"><span class='ocrx_word' id='word_1_161' title='bbox 436 2664 738 2731; x_wconf 75' lang='lat' dir='ltr'>aolibellis</span> <span class='ocrx_word' id='word_1_162' title='bbox 783 2665 935 2748; x_wconf 89' lang='lat' dir='ltr'>ipsis</span> <span class='ocrx_word' id='word_1_163' title='bbox 979 2684 1059 2730; x_wconf 91' lang='lat' dir='ltr'>an</span> <span class='ocrx_word' id='word_1_164' title='bbox 1103 2666 1377 2729; x_wconf 87' lang='lat' dir='ltr'>alienum</span> <span class='ocrx_word' id='word_1_165' title='bbox 1407 2681 1630 2729; x_wconf 90' lang='lat' dir='ltr'>nomen</span> <span class='ocrx_word' id='word_1_166' title='bbox 1674 2664 2080 2747; x_wconf 88' lang='lat' dir='ltr'>inscripserit.</span> <span class='ocrx_word' id='word_1_167' title='bbox 2127 2681 2346 2728; x_wconf 88' lang='lat' dir='ltr'>uerum</span> <span class='ocrx_word' id='word_1_168' title='bbox 2376 2665 2506 2727; x_wconf 88' lang='lat' dir='ltr'>est:</span> <span class='ocrx_word' id='word_1_169' title='bbox 2553 2661 2759 2745; x_wconf 85' lang='lat' dir='ltr'>potest</span> 
     </span>
     <span class='ocr_line' id='line_1_22' title="bbox 504 2764 2758 2851; baseline -0.002 -19"><span class='ocrx_word' id='word_1_170' title='bbox 504 2769 623 2833; x_wconf 90' lang='lat' dir='ltr'>hoc</span> <span class='ocrx_word' id='word_1_171' title='bbox 682 2769 935 2850; x_wconf 90' lang='lat' dir='ltr'>quidem</span> <span class='ocrx_word' id='word_1_172' title='bbox 994 2768 1209 2851; x_wconf 90' lang='lat' dir='ltr'>quaeri</span> <span class='ocrx_word' id='word_1_173' title='bbox 1255 2770 1318 2832; x_wconf 94' lang='lat' dir='ltr'>et</span> <span class='ocrx_word' id='word_1_174' title='bbox 1360 2769 1525 2833; x_wconf 86' lang='lat' dir='ltr'>recte</span> <span class='ocrx_word' id='word_1_175' title='bbox 1550 2765 1555 2773; x_wconf 83' lang='lat'>&#39;</span> <span class='ocrx_word' id='word_1_176' title='bbox 1585 2769 1919 2850; x_wconf 88' lang='lat' dir='ltr'>quaeritur,</span> <span class='ocrx_word' id='word_1_177' title='bbox 1979 2768 2033 2831; x_wconf 92' lang='lat' dir='ltr'>si</span> <span class='ocrx_word' id='word_1_178' title='bbox 2096 2764 2418 2848; x_wconf 87' lang='lat' dir='ltr'>inquisitio</span> <span class='ocrx_word' id='word_1_179' title='bbox 2466 2764 2633 2829; x_wconf 89' lang='lat' dir='ltr'>ualet</span> <span class='ocrx_word' id='word_1_180' title='bbox 2678 2764 2758 2828; x_wconf 88' lang='lat' dir='ltr'>ad</span> 
     </span>
     <span class='ocr_line' id='line_1_23' title="bbox 506 2865 2757 2954; baseline -0.002 -18"><span class='ocrx_word' id='word_1_181' title='bbox 506 2872 783 2936; x_wconf 86' lang='lat' dir='ltr'>fructum</span> <span class='ocrx_word' id='word_1_182' title='bbox 830 2873 1103 2953; x_wconf 89' lang='lat' dir='ltr'>aliquem</span> <span class='ocrx_word' id='word_1_183' title='bbox 1148 2871 1490 2954; x_wconf 87' lang='lat' dir='ltr'>peruenire.</span> <span class='ocrx_word' id='word_1_184' title='bbox 1557 2874 1858 2947; x_wconf 89' lang='lat' dir='ltr'>ceterum,</span> <span class='ocrx_word' id='word_1_185' title='bbox 1922 2872 1976 2935; x_wconf 90' lang='lat' dir='ltr'>si</span> <span class='ocrx_word' id='word_1_186' title='bbox 2020 2870 2404 2935; x_wconf 87' lang='lat' dir='ltr'>infructuosa</span> <span class='ocrx_word' id='word_1_187' title='bbox 2450 2870 2562 2946; x_wconf 90' lang='lat' dir='ltr'>est,</span> <span class='ocrx_word' id='word_1_188' title='bbox 2609 2865 2757 2949; x_wconf 89' lang='lat' dir='ltr'>quid</span> 
     </span>
     <span class='ocr_line' id='line_1_24' title="bbox 504 2971 2757 3057; baseline -0.001 -19"><span class='ocrx_word' id='word_1_189' title='bbox 504 2993 754 3040; x_wconf 88' lang='lat' dir='ltr'>necesse</span> <span class='ocrx_word' id='word_1_190' title='bbox 812 2980 907 3040; x_wconf 91' lang='lat' dir='ltr'>est</span> <span class='ocrx_word' id='word_1_191' title='bbox 952 2980 1023 3040; x_wconf 91' lang='lat' dir='ltr'>ut</span> <span class='ocrx_word' id='word_1_192' title='bbox 1069 2976 1303 3041; x_wconf 85' lang='lat' dir='ltr'>laboret</span> <span class='ocrx_word' id='word_1_193' title='bbox 1360 2975 1707 3054; x_wconf 88' lang='lat' dir='ltr'>curiositas,</span> <span class='ocrx_word' id='word_1_194' title='bbox 1768 2994 1909 3040; x_wconf 90' lang='lat' dir='ltr'>cum</span> <span class='ocrx_word' id='word_1_195' title='bbox 1966 2974 2319 3057; x_wconf 88' lang='lat' dir='ltr'>profectum</span> <span class='ocrx_word' id='word_1_196' title='bbox 2377 2971 2757 3038; x_wconf 80' lang='lat' dir='ltr'>curiositatis</span> 
     </span>
     <span class='ocr_line' id='line_1_25' title="bbox 502 3074 2758 3162; baseline -0.002 -20"><span class='ocrx_word' id='word_1_197' title='bbox 502 3096 630 3142; x_wconf 90' lang='lat' dir='ltr'>non</span> <span class='ocrx_word' id='word_1_198' title='bbox 678 3078 761 3143; x_wconf 87' lang='lat' dir='ltr'>sit</span> <span class='ocrx_word' id='word_1_199' title='bbox 808 3077 1101 3143; x_wconf 90' lang='lat' dir='ltr'>habitura</span> <span class='ocrx_word' id='word_1_200' title='bbox 1146 3078 1462 3162; x_wconf 81' lang='lat' dir='ltr'>cognitio?</span> <span class='ocrx_word' id='word_1_201' title='bbox 1528 3079 1594 3142; x_wconf 92' lang='lat' dir='ltr'>in</span> <span class='ocrx_word' id='word_1_202' title='bbox 1649 3079 1816 3142; x_wconf 90' lang='lat' dir='ltr'>omni</span> <span class='ocrx_word' id='word_1_203' title='bbox 1873 3078 2037 3142; x_wconf 91' lang='lat' dir='ltr'>enim</span> <span class='ocrx_word' id='word_1_204' title='bbox 2082 3076 2400 3142; x_wconf 92' lang='lat' dir='ltr'>uolumine</span> <span class='ocrx_word' id='word_1_205' title='bbox 2444 3074 2758 3158; x_wconf 86' lang='lat' dir='ltr'>profectus</span> 
     </span>
    </p>
   </div>
   <div class='ocr_carea' id='block_1_5' title="bbox 498 3365 2812 4293">
    <p class='ocr_par' dir='ltr' id='par_1_8' title="bbox 498 3365 2812 4293">
     <span class='ocr_line' id='line_1_26' title="bbox 608 3365 2812 3436; baseline -0.003 -16"><span class='ocrx_word' id='word_1_206' title='bbox 608 3368 639 3420; x_wconf 92' lang='lat'>1</span> <span class='ocrx_word' id='word_1_207' title='bbox 674 3367 817 3421; x_wconf 79' lang='lat' dir='ltr'>ha‘ne</span> <span class='ocrx_word' id='word_1_208' title='bbox 854 3367 1006 3436; x_wconf 78' lang='lat' dir='ltr'>epist.</span> <span class='ocrx_word' id='word_1_209' title='bbox 1042 3366 1107 3419; x_wconf 77' lang='lat' dir='ltr'>in</span> <span class='ocrx_word' id='word_1_210' title='bbox 1141 3382 1255 3422; x_wconf 75' lang='lat' dir='ltr'>uno</span> <span class='ocrx_word' id='word_1_211' title='bbox 1272 3371 1512 3419; x_wconf 77' lang='lat' dir='ltr'>-tantum</span> <span class='ocrx_word' id='word_1_212' title='bbox 1546 3365 1663 3420; x_wconf 83' lang='lat' dir='ltr'>cod.</span> <span class='ocrx_word' id='word_1_213' title='bbox 1694 3365 1878 3418; x_wconf 74' lang='lat' dir='ltr'>Paria.</span> <span class='ocrx_word' id='word_1_214' title='bbox 1906 3367 2054 3419; x_wconf 81' lang='lat'><em>2785</em></span> <span class='ocrx_word' id='word_1_215' title='bbox 2078 3365 2175 3432; x_wconf 90' lang='grc' dir='ltr'>(Β)</span> <span class='ocrx_word' id='word_1_216' title='bbox 2210 3367 2489 3417; x_wconf 78' lang='lat' dir='ltr'>seruatam</span> <span class='ocrx_word' id='word_1_217' title='bbox 2514 3367 2565 3415; x_wconf 78' lang='lat' dir='ltr'>et</span> <span class='ocrx_word' id='word_1_218' title='bbox 2592 3375 2759 3429; x_wconf 77' lang='lat' dir='ltr'>prae-</span> <span class='ocrx_word' id='word_1_219' title='bbox 2795 3395 2812 3422; x_wconf 44' lang='grc' dir='ltr'>ς</span> 
     </span>
     <span class='ocr_line' id='line_1_27' title="bbox 503 3448 2760 3518; baseline -0.004 -11"><span class='ocrx_word' id='word_1_220' title='bbox 503 3454 725 3507; x_wconf 76' lang='lat' dir='ltr'>missam</span> <span class='ocrx_word' id='word_1_221' title='bbox 761 3468 872 3507; x_wconf 78' lang='lat' dir='ltr'>esse</span> <span class='ocrx_word' id='word_1_222' title='bbox 909 3453 1063 3506; x_wconf 80' lang='lat' dir='ltr'>libris</span> <span class='ocrx_word' id='word_1_223' title='bbox 1115 3453 1190 3506; x_wconf 78' lang='lat' dir='ltr'>ad</span> <span class='ocrx_word' id='word_1_224' title='bbox 1238 3452 1512 3506; x_wconf 80' lang='lat' dir='ltr'>ecclesiam</span> <span class='ocrx_word' id='word_1_225' title='bbox 1554 3451 1620 3504; x_wconf 76' lang='lat' dir='ltr'>i‘n</span> <span class='ocrx_word' id='word_1_226' title='bbox 1663 3450 1958 3505; x_wconf 58' lang='lat' dir='ltr'>Sita-Ber.</span> <span class='ocrx_word' id='word_1_227' title='bbox 1992 3466 2046 3518; x_wconf 81' lang='lat' dir='ltr'>p.</span> <span class='ocrx_word' id='word_1_228' title='bbox 2084 3454 2152 3504; x_wconf 84' lang='lat'>37</span> <span class='ocrx_word' id='word_1_229' title='bbox 2199 3448 2536 3509; x_wconf 72' lang='lat' dir='ltr'>monuimu85</span> <span class='ocrx_word' id='word_1_230' title='bbox 2590 3460 2760 3514; x_wconf 75' lang='lat' dir='ltr'>quare</span> 
     </span>
     <span class='ocr_line' id='line_1_28' title="bbox 502 3531 2760 3605; baseline -0.004 -12"><span class='ocrx_word' id='word_1_231' title='bbox 502 3538 803 3593; x_wconf 81' lang='lat' dir='ltr'>adiecimus</span> <span class='ocrx_word' id='word_1_232' title='bbox 871 3538 1063 3592; x_wconf 80' lang='lat' dir='ltr'>uarias</span> <span class='ocrx_word' id='word_1_233' title='bbox 1135 3539 1440 3605; x_wconf 78' lang='lat' dir='ltr'>scripturas</span> <span class='ocrx_word' id='word_1_234' title='bbox 1510 3536 1769 3591; x_wconf 72' lang='lat' dir='ltr'>editionis</span> <span class='ocrx_word' id='word_1_235' title='bbox 1832 3536 2108 3605; x_wconf 75' lang='lat' dir='ltr'>principis</span> <span class='ocrx_word' id='word_1_236' title='bbox 2166 3537 2254 3603; x_wconf 73' lang='lat' dir='ltr'>(p)</span> <span class='ocrx_word' id='word_1_237' title='bbox 2312 3532 2435 3604; x_wconf 77' lang='lat' dir='ltr'>Joh.</span> <span class='ocrx_word' id='word_1_238' title='bbox 2500 3531 2760 3586; x_wconf 68' lang='lat' dir='ltr'>Sicharda&#39;</span> 
     </span>
     <span class='ocr_line' id='line_1_29' title="bbox 501 3618 2622 3693; baseline -0.004 -13"><span class='ocrx_word' id='word_1_239' title='bbox 501 3625 760 3680; x_wconf 68' lang='lat' dir='ltr'>Basileae</span> <span class='ocrx_word' id='word_1_240' title='bbox 813 3627 982 3691; x_wconf 80' lang='lat'><em>15283</em></span> <span class='ocrx_word' id='word_1_241' title='bbox 1042 3625 1138 3693; x_wconf 76' lang='lat' dir='ltr'>qui</span> <span class='ocrx_word' id='word_1_242' title='bbox 1192 3639 1259 3677; x_wconf 77' lang='lat' dir='ltr'>ex</span> <span class='ocrx_word' id='word_1_243' title='bbox 1311 3639 1415 3691; x_wconf 77' lang='lat' dir='ltr'>quo</span> <span class='ocrx_word' id='word_1_244' title='bbox 1470 3623 1655 3679; x_wconf 81' lang='lat' dir='ltr'>codice</span> <span class='ocrx_word' id='word_1_245' title='bbox 1709 3628 1917 3676; x_wconf 76' lang='lat' dir='ltr'>textum</span> <span class='ocrx_word' id='word_1_246' title='bbox 1961 3621 2253 3689; x_wconf 76' lang='lat' dir='ltr'>sumpserit</span> <span class='ocrx_word' id='word_1_247' title='bbox 2296 3635 2409 3673; x_wconf 70' lang='lat' dir='ltr'>‘non</span> <span class='ocrx_word' id='word_1_248' title='bbox 2456 3618 2622 3687; x_wconf 79' lang='lat' dir='ltr'>liquet</span> 
     </span>
     <span class='ocr_line' id='line_1_30' title="bbox 499 3704 2759 3765; baseline -0.003 -1"><span class='ocrx_word' id='word_1_249' title='bbox 499 3725 718 3765; x_wconf 76' lang='lat' dir='ltr'>metm</span> <span class='ocrx_word' id='word_1_250' title='bbox 766 3724 1033 3763; x_wconf 64' lang='lat' dir='ltr'>nrrs&#39;rona</span> <span class='ocrx_word' id='word_1_251' title='bbox 1080 3723 1350 3763; x_wconf 60' lang='lat' dir='ltr'>samum</span> <span class='ocrx_word' id='word_1_252' title='bbox 1397 3724 1472 3762; x_wconf 71' lang='lat' dir='ltr'>An</span> <span class='ocrx_word' id='word_1_253' title='bbox 1519 3710 1763 3762; x_wconf 60' lang='lat' dir='ltr'>sanor-115</span> <span class='ocrx_word' id='word_1_254' title='bbox 1801 3708 1856 3761; x_wconf 92' lang='grc' dir='ltr'><strong><em>Β</em></strong></span> <span class='ocrx_word' id='word_1_255' title='bbox 2068 3706 2101 3760; x_wconf 83' lang='grc'>2</span> <span class='ocrx_word' id='word_1_256' title='bbox 2149 3704 2759 3759; x_wconf 88' lang='lat' dir='ltr'>Domino—Saluianus</span> 
     </span>
     <span class='ocr_line' id='line_1_31' title="bbox 502 3790 2621 3865; baseline -0.004 -14"><span class='ocrx_word' id='word_1_257' title='bbox 502 3812 605 3851; x_wconf 84' lang='lat' dir='ltr'>om.</span> <span class='ocrx_word' id='word_1_258' title='bbox 635 3813 680 3865; x_wconf 78' lang='lat' dir='ltr'>p</span> <span class='ocrx_word' id='word_1_259' title='bbox 887 3796 922 3849; x_wconf 86' lang='lat'><strong>3</strong></span> <span class='ocrx_word' id='word_1_260' title='bbox 956 3795 1070 3849; x_wconf 89' lang='lat' dir='ltr'>filio</span> <span class='ocrx_word' id='word_1_261' title='bbox 1106 3799 1162 3848; x_wconf 81' lang='lat' dir='ltr'>et</span> <span class='ocrx_word' id='word_1_262' title='bbox 1199 3795 1344 3863; x_wconf 87' lang='lat' dir='ltr'>patri</span> <span class='ocrx_word' id='word_1_263' title='bbox 1375 3812 1420 3862; x_wconf 78' lang='lat' dir='ltr'>p</span> <span class='ocrx_word' id='word_1_264' title='bbox 1572 3843 1575 3846; x_wconf 74' lang='grc'>,</span> <span class='ocrx_word' id='word_1_265' title='bbox 1625 3795 1660 3848; x_wconf 85' lang='grc'>5</span> <span class='ocrx_word' id='word_1_266' title='bbox 1703 3793 1908 3847; x_wconf 83' lang='lat' dir='ltr'>karitas</span> <span class='ocrx_word' id='word_1_267' title='bbox 1946 3794 2001 3846; x_wconf 96' lang='grc' dir='ltr'><strong><em>Β</em></strong></span> <span class='ocrx_word' id='word_1_268' title='bbox 2207 3793 2239 3846; x_wconf 89' lang='lat'>6</span> <span class='ocrx_word' id='word_1_269' title='bbox 2276 3791 2530 3860; x_wconf 62' lang='lat' dir='ltr'>quoaedam</span> <span class='ocrx_word' id='word_1_270' title='bbox 2565 3790 2621 3843; x_wconf 93' lang='grc' dir='ltr'><strong><em>Β</em></strong></span> 
     </span>
     <span class='ocr_line' id='line_1_32' title="bbox 500 3876 2758 3950; baseline -0.002 -14"><span class='ocrx_word' id='word_1_271' title='bbox 500 3882 634 3937; x_wconf 84' lang='lat' dir='ltr'>facti</span> <span class='ocrx_word' id='word_1_272' title='bbox 678 3883 734 3935; x_wconf 98' lang='grc' dir='ltr'><strong><em>Β</em></strong></span> <span class='ocrx_word' id='word_1_273' title='bbox 940 3882 974 3935; x_wconf 88' lang='grc'><strong>9</strong></span> <span class='ocrx_word' id='word_1_274' title='bbox 1022 3882 1262 3950; x_wconf 81' lang='lat' dir='ltr'>apogr-isa</span> <span class='ocrx_word' id='word_1_275' title='bbox 1307 3881 1364 3935; x_wconf 94' lang='grc' dir='ltr'><strong><em>Β</em></strong></span> <span class='ocrx_word' id='word_1_276' title='bbox 1569 3883 1731 3948; x_wconf 87' lang='lat' dir='ltr'>atque</span> <span class='ocrx_word' id='word_1_277' title='bbox 1775 3879 1943 3933; x_wconf 87' lang='lat' dir='ltr'>habeo</span> <span class='ocrx_word' id='word_1_278' title='bbox 1979 3881 2141 3946; x_wconf 77' lang='lat' dir='ltr'>(corr.</span> <span class='ocrx_word' id='word_1_279' title='bbox 2177 3893 2247 3931; x_wconf 79' lang='lat' dir='ltr'>ex</span> <span class='ocrx_word' id='word_1_280' title='bbox 2280 3876 2446 3932; x_wconf 90' lang='lat' dir='ltr'>hebeo</span> <span class='ocrx_word' id='word_1_281' title='bbox 2484 3894 2551 3931; x_wconf 89' lang='lat' dir='ltr'>m.</span> <span class='ocrx_word' id='word_1_282' title='bbox 2590 3879 2646 3945; x_wconf 92' lang='lat'>1)</span> <span class='ocrx_word' id='word_1_283' title='bbox 2684 3877 2758 3943; x_wconf 88' lang='lat' dir='ltr'>B,</span> 
     </span>
     <span class='ocr_line' id='line_1_33' title="bbox 499 3963 2762 4035; baseline -0.002 -14"><span class='ocrx_word' id='word_1_284' title='bbox 499 3968 583 4023; x_wconf 88' lang='lat' dir='ltr'>ita</span> <span class='ocrx_word' id='word_1_285' title='bbox 628 3971 693 4021; x_wconf 84' lang='lat' dir='ltr'>ut</span> <span class='ocrx_word' id='word_1_286' title='bbox 741 3968 904 4022; x_wconf 78' lang='lat' dir='ltr'>debeo</span> <span class='ocrx_word' id='word_1_287' title='bbox 942 3983 987 4035; x_wconf 78' lang='lat' dir='ltr'>p</span> <span class='ocrx_word' id='word_1_288' title='bbox 1194 3969 1262 4021; x_wconf 88' lang='lat'>10</span> <span class='ocrx_word' id='word_1_289' title='bbox 1306 3967 1512 4021; x_wconf 85' lang='lat' dir='ltr'>iudicas</span> <span class='ocrx_word' id='word_1_290' title='bbox 1561 3968 1644 4022; x_wconf 88' lang='lat' dir='ltr'>ita</span> <span class='ocrx_word' id='word_1_291' title='bbox 1688 3966 1745 4019; x_wconf 93' lang='grc' dir='ltr'><strong><em>Β</em></strong></span> <span class='ocrx_word' id='word_1_292' title='bbox 1779 3983 1849 4019; x_wconf 87' lang='lat' dir='ltr'>m.</span> <span class='ocrx_word' id='word_1_293' title='bbox 1888 3970 1920 4018; x_wconf 87' lang='lat'><strong><em>1</em></strong></span> <span class='ocrx_word' id='word_1_294' title='bbox 1972 3965 2053 4017; x_wconf 85' lang='lat' dir='ltr'>ita</span> <span class='ocrx_word' id='word_1_295' title='bbox 2099 3963 2304 4018; x_wconf 82' lang='lat' dir='ltr'>iudicas</span> <span class='ocrx_word' id='word_1_296' title='bbox 2350 3963 2406 4017; x_wconf 90' lang='grc' dir='ltr'><strong><em>Β</em></strong></span> <span class='ocrx_word' id='word_1_297' title='bbox 2439 3978 2592 4018; x_wconf 60' lang='lat' dir='ltr'>corr„</span> <span class='ocrx_word' id='word_1_298' title='bbox 2613 3979 2683 4019; x_wconf 85' lang='lat' dir='ltr'>m.</span> <span class='ocrx_word' id='word_1_299' title='bbox 2720 3965 2762 4017; x_wconf 73' lang='lat'><strong><em>2</em></strong></span> 
     </span>
     <span class='ocr_line' id='line_1_34' title="bbox 501 4050 2762 4119; baseline -0.002 -12"><span class='ocrx_word' id='word_1_300' title='bbox 501 4069 610 4109; x_wconf 81' lang='lat' dir='ltr'>rec.</span> <span class='ocrx_word' id='word_1_301' title='bbox 810 4054 1080 4107; x_wconf 85' lang='lat' dir='ltr'>existimes</span> <span class='ocrx_word' id='word_1_302' title='bbox 1116 4053 1408 4108; x_wconf 76' lang='lat' dir='ltr'>Halmius.-</span> <span class='ocrx_word' id='word_1_303' title='bbox 1465 4054 1679 4107; x_wconf 87' lang='lat' dir='ltr'>estimes</span> <span class='ocrx_word' id='word_1_304' title='bbox 1716 4052 1772 4104; x_wconf 94' lang='grc' dir='ltr'><strong><em>Β</em></strong></span> <span class='ocrx_word' id='word_1_305' title='bbox 1822 4050 2071 4105; x_wconf 82' lang='lat' dir='ltr'>aestimes</span> <span class='ocrx_word' id='word_1_306' title='bbox 2107 4050 2226 4104; x_wconf 77' lang='lat' dir='ltr'>edd.</span> <span class='ocrx_word' id='word_1_307' title='bbox 2433 4050 2499 4104; x_wconf 85' lang='lat'>14</span> <span class='ocrx_word' id='word_1_308' title='bbox 2534 4050 2762 4119; x_wconf 88' lang='lat' dir='ltr'>apogrifi</span> 
     </span>
     <span class='ocr_line' id='line_1_35' title="bbox 498 4134 2762 4207; baseline -0.001 -15"><span class='ocrx_word' id='word_1_309' title='bbox 498 4139 618 4192; x_wconf 89' lang='lat' dir='ltr'>stili</span> <span class='ocrx_word' id='word_1_310' title='bbox 665 4139 1017 4207; x_wconf 86' lang='lat' dir='ltr'>suspitionem</span> <span class='ocrx_word' id='word_1_311' title='bbox 1063 4138 1143 4206; x_wconf 89' lang='grc' dir='ltr'>Β,</span> <span class='ocrx_word' id='word_1_312' title='bbox 1189 4140 1365 4207; x_wconf 77' lang='lat' dir='ltr'>paulo</span> <span class='ocrx_word' id='word_1_313' title='bbox 1393 4145 1520 4206; x_wconf 78' lang='lat' dir='ltr'>post</span> <span class='ocrx_word' id='word_1_314' title='bbox 1571 4136 1807 4206; x_wconf 83' lang='lat' dir='ltr'>apocrifa</span> <span class='ocrx_word' id='word_1_315' title='bbox 2013 4135 2078 4188; x_wconf 87' lang='lat'>15</span> <span class='ocrx_word' id='word_1_316' title='bbox 2127 4134 2388 4189; x_wconf 87' lang='lat' dir='ltr'>neuterici</span> <span class='ocrx_word' id='word_1_317' title='bbox 2426 4135 2544 4203; x_wconf 74' lang='lat' dir='ltr'>(sie)</span> <span class='ocrx_word' id='word_1_318' title='bbox 2584 4135 2762 4203; x_wconf 86' lang='lat' dir='ltr'>dispu-</span> 
     </span>
     <span class='ocr_line' id='line_1_36' title="bbox 499 4221 2125 4293; baseline -0.001 -16"><span class='ocrx_word' id='word_1_319' title='bbox 499 4225 732 4279; x_wconf 87' lang='lat' dir='ltr'>tationes</span> <span class='ocrx_word' id='word_1_320' title='bbox 773 4227 892 4291; x_wconf 78' lang='lat' dir='ltr'>(sie)</span> <span class='ocrx_word' id='word_1_321' title='bbox 931 4225 987 4278; x_wconf 93' lang='grc' dir='ltr'><strong><em>Β</em></strong></span> <span class='ocrx_word' id='word_1_322' title='bbox 1195 4224 1263 4277; x_wconf 84' lang='grc'>22</span> <span class='ocrx_word' id='word_1_323' title='bbox 1297 4225 1575 4293; x_wconf 89' lang='lat' dir='ltr'>peruenire</span> <span class='ocrx_word' id='word_1_324' title='bbox 1608 4223 1703 4278; x_wconf 78' lang='lat' dir='ltr'>sed</span> <span class='ocrx_word' id='word_1_325' title='bbox 1737 4239 1792 4276; x_wconf 89' lang='lat' dir='ltr'>re</span> <span class='ocrx_word' id='word_1_326' title='bbox 1827 4223 1891 4277; x_wconf 76' lang='lat' dir='ltr'>i‘n</span> <span class='ocrx_word' id='word_1_327' title='bbox 1923 4237 2033 4276; x_wconf 76' lang='lat' dir='ltr'>ras,</span> <span class='ocrx_word' id='word_1_328' title='bbox 2071 4221 2125 4274; x_wconf 91' lang='grc' dir='ltr'><strong><em>Β</em></strong></span> 
     </span>
    </p>
   </div>
  </div>
 </body>
</html>
