3380 4919
594 300 720 368 272
1569 302 1878 356 Saluiani

595 493 772 558 nulla
837 493 939 571 sit,
1008 493 1158 560 foris
1226 495 1559 559 discrimen
1627 495 1968 574 arcessunt,
2039 498 2101 559 et
2159 493 2305 559 licet
2368 513 2585 559 causae
2644 496 2851 561 desint

593 597 1025 677 periculorum,
1094 601 1289 662 ruunt
1356 602 1569 663 tamen
1639 597 1819 682 quasi
1874 600 1941 662 in
1995 596 2325 663 interitum
2386 598 2848 665 uoluntarium:

594 716 854 780 quorum
901 717 1132 764 errores
1177 701 1594 766 infelicissimi
1653 719 1774 784 quo
1820 700 2044 765 affectu
2089 702 2280 765 animi
2327 700 2676 783 accipiendi
2722 702 2852 766 sint

593 819 778 884 prope
823 801 1133 867 incertum
1164 804 1326 886 apud
1373 806 1676 886 quosdam
1710 804 1908 868 uideri
1953 804 2180 886 potest,
2225 804 2702 869 irascendumne
2746 805 2844 868 his

494 912 566 975 11
592 926 672 970 an
718 907 1051 971 dolendum
1110 907 1211 970 sit.
1282 925 1448 971 error
1505 907 1674 970 enim
1735 908 1943 972 dolore
1987 907 2213 991 dignus
2263 909 2358 972 est
2402 910 2664 989 inpietas
2708 927 2846 972 exe·
2894 928 2921 968 5

593 1009 898 1074 eratione:
966 1010 1042 1073 ad
1102 1008 1318 1073 fletum
1378 1011 1687 1075 trahimur
1747 1009 2124 1074 infelicitate
2180 1009 2257 1074 ad
2318 1011 2700 1076 iracundiam
2744 1014 2843 1077 in-

592 1111 911 1178 fidelitate.
990 1113 1055 1175 in
1100 1130 1226 1176 una
1256 1132 1321 1176 re
1354 1113 1451 1176 est
1481 1131 1600 1196 quo
1633 1133 1745 1195 pro
1776 1113 2102 1178 hominum
2133 1113 2497 1195 insipientia
2525 1114 2851 1195 lugeamus

592 1217 661 1280 in
704 1215 831 1280 alia
875 1234 993 1298 quo
1042 1235 1151 1297 pro
1194 1216 1295 1280 dei
1341 1234 1547 1281 amore
1586 1234 1963 1293 moneamur,
2011 1217 2214 1280 ullum
2246 1216 2495 1280 omnino
2526 1217 2849 1281 hominum

594 1319 864 1383 inueniri
911 1319 1023 1383 aut
1069 1337 1199 1383 esse
1247 1337 1441 1400 posse,
1488 1318 1596 1400 qui
1642 1319 1894 1384 decurso
1937 1319 2204 1384 infelicis
2237 1319 2408 1385 uitae
2439 1320 2622 1384 istius
2669 1320 2847 1384 breui

594 1423 814 1505 spatio,
860 1423 927 1486 in
956 1423 1092 1503 ipsa
1122 1423 1513 1486 extremitate
1543 1424 1673 1486 iam
1703 1423 1998 1504 pendenS‚
2045 1424 2247 1487 iturus
2281 1422 2424 1487 ilico
2458 1426 2534 1487 ad
2567 1422 2849 1487 tribunal
2871 1448 2922 1488 ιο

595 1527 713 1607 dei,
782 1525 1110 1607 quicquam
1178 1526 1346 1590 aliud
1413 1527 1644 1608 cogitet
1700 1527 1946 1607 praeter
1998 1524 2189 1589 finem
2249 1545 2450 1604 suum,
2521 1527 2850 1607 quicquam

595 1629 766 1694 aliud
813 1631 1063 1709 praeter
1108 1629 1345 1692 exitum
1389 1646 1591 1708 suum,
1639 1629 1969 1711 quicquam
2001 1628 2171 1692 aliud
2214 1629 2458 1711 praeter
2499 1630 2846 1712 periculum

595 1750 797 1808 suum,
855 1735 918 1795 et
962 1731 1248 1815 neglecta
1291 1750 1398 1814 spe
1444 1750 1560 1796 sua
1605 1733 1793 1813 atque
1838 1731 2065 1811 anima,
2128 1731 2229 1795 cui
2274 1731 2567 1813 opitulari
2613 1732 2851 1813 aliqua-

595 1836 775 1898 tenus
832 1835 936 1898 uel
979 1836 1044 1898 in
1101 1834 1345 1898 ultimis
1400 1833 1529 1899 suis
1586 1836 1759 1898 omni
1805 1835 2007 1900 studio
2054 1837 2221 1899 omni
2269 1836 2407 1899 nisu
2454 1834 2625 1898 omni
2670 1853 2734 1897 re
2781 1851 2853 1898 ac

596 1936 952 2001 substantia
995 1955 1109 2000 sua
1151 1936 1388 2014 debeat,
1436 1937 1553 2001 hoc
1597 1938 1801 2002 solum
1845 1939 2075 2020 cogitet
2118 1938 2238 2002 hoc
2270 1939 2474 2001 solum
2506 1939 2712 2002 animo
2744 1956 2855 2001 suo
2875 1960 2923 2002 15

594 2040 833 2118 uoluat,
881 2058 1068 2122 quam
1114 2039 1288 2104 laute
1333 2040 1513 2105 heres
1559 2059 1707 2104 suus
1752 2060 1848 2105 res
1891 2060 2032 2105 suas
2080 2041 2401 2106 comedat!

496 2188 576 2255 12
680 2179 800 2243 III.
863 2178 1212 2243 Miserrime
1259 2179 1555 2257 omnium,
1604 2180 1752 2261 quid
1797 2178 2108 2243 sollicitus
2142 2199 2205 2244 es
2238 2181 2384 2260 quid
2414 2183 2658 2245 aestuas
2703 2180 2853 2262 quid

598 2284 914 2347 auctorem
959 2283 1023 2346 te
1067 2281 1201 2363 ipse
1249 2301 1457 2347 rerum
1502 2285 1918 2365 periturarum
1965 2282 2170 2348 facis?
2226 2301 2305 2347 an
2337 2283 2525 2349 times
2570 2282 2729 2348 forte
2775 2302 2852 2349 ne

597 2385 805 2452 desint
871 2385 979 2469 qui
1036 2386 1100 2450 te
1146 2390 1394 2452 mortuo
1461 2389 1628 2469 quod,
1688 2387 2012 2469 reliqueris
2069 2388 2341 2450 uorent‘?
2411 2386 2553 2450 nolo
2613 2389 2852 2450 metuas

597 2492 739 2555 nolo
796 2492 1090 2555 uereariS.
1167 2491 1410 2554 utinam
1470 2494 1601 2555 tam
1663 2490 1846 2554 facile
1907 2493 1976 2555 tu
2022 2491 2235 2555 saluus
2282 2509 2446 2555 esses
2507 2508 2693 2571 quam
2739 2492 2849 2553 tua
2875 2514 2926 2553 πο

597 2594 807 2660 omnia
865 2593 1264 2675 deperibunt!
1341 2613 1375 2660 o
1434 2591 1774 2658 infidelitas
1837 2612 1869 2657 o
1921 2592 2326 2675 peruersitas!
2405 2591 2599 2656 etiam
2658 2593 2845 2673 uulgo

598 2697 841 2763 dictum
886 2699 998 2777 est,
1046 2715 1262 2762 omnes
1309 2697 1431 2762 sibi
1475 2698 1699 2761 melius
1748 2696 1911 2763 uelle
1955 2716 2141 2779 quam
2188 2696 2394 2762 alteri.
2460 2714 2692 2761 nouum
2736 2695 2851 2759 hoc

596 2800 864 2865 monstri
907 2818 1105 2885 genus
1153 2800 1252 2864 est
1297 2799 1558 2864 cuilibet
1604 2818 1979 2882 quemquam
2023 2800 2187 2864 uelle
2235 2798 2552 2864 consulere
2599 2800 2855 2863 tantum

499 2914 579 2978 13
598 2924 674 2968 ne
743 2902 882 2969 sibi.
961 2921 1100 2967 ecce
1166 2901 1371 2967 iturus
1428 2921 1512 2986 esi,
1579 2901 2014 2968 infelicissime
2079 2901 2380 2982 omnium,
2452 2901 2531 2965 ad
2598 2920 2856 2965 examen

601 3024 848 3069 sacrum
906 3005 986 3069 ad
1043 3006 1438 3070 tremendum
1493 3005 1652 3071 illud
1710 3006 2294 3087 intolerandumque
2360 3005 2681 3082 iudicium,
2749 3007 2926 3071 ubi25

599 3107 1028 3191 peregrinanti
1085 3107 1331 3171 animae
1388 3109 1574 3190 atque
1620 3110 1836 3173 anxiae
1882 3109 2127 3172 nullum
2174 3110 2384 3190 potest
2429 3107 2677 3171 omnino
2724 3127 2854 3172 esse

599 3211 901 3278 solacium
966 3210 1088 3276 nisi
1155 3212 1288 3276 sola
1353 3213 1788 3277 tantummodo
1856 3208 2020 3276 bona
2090 3210 2475 3275 conscientia
2537 3210 2659 3275 nisi
2723 3211 2858 3275 sola

602 3316 851 3382 tantum
910 3315 1204 3380 innocens
1263 3315 1401 3379 uita
1459 3317 1585 3398 aut,
1650 3313 1814 3397 quod
1872 3313 2221 3396 proximum
2284 3314 2378 3377 est
2430 3315 2623 3379 bonae
2668 3312 2858 3396 uitae,

601 3418 1045 3503 misericordia,
1107 3419 1215 3483 ubi
1274 3437 1377 3482 reo
1423 3418 1659 3482 homini
1705 3418 1951 3482 nullum
1996 3422 2093 3481 est
2137 3416 2517 3482 adiutorium
2564 3416 2686 3480 nisi
2732 3414 2860 3481 sola

805 3625 869 3677 21
916 3622 1125 3676 Terent.
1161 3623 1323 3677 Andr.
1363 3624 1438 3688 H,
1474 3622 1524 3687 5,
1565 3621 1631 3676 16

705 3814 739 3866 3
793 3817 920 3866 sunt
972 3813 1027 3866 B
1234 3810 1339 3880 his]
1388 3810 1456 3863 iis
1503 3809 1584 3865 ed.
1632 3808 1910 3862 Baluzius
2117 3807 2147 3859 7
2193 3823 2296 3875 quo
2338 3807 2421 3860 A:
2472 3807 2614 3876 quod
2650 3824 2717 3862 ex
2752 3824 2856 3878 quo

602 3914 741 3955 corr.
788 3915 856 3952 m.
891 3902 932 3953 2
974 3900 1030 3952 B
1249 3898 1284 3951 8
1328 3897 1386 3949 in
1431 3895 1540 3949 alia
1589 3910 1692 3963 quo
1739 3894 1820 3946 A:
1880 3893 1938 3946 in
1985 3893 2166 3961 aliquo
2211 3893 2266 3946 B
2324 3893 2382 3945 in
2434 3892 2542 3946 alia
2583 3892 2727 3962 quod
2779 3894 2863 3949 ed.

605 3987 879 4041 Baluzius
1085 3985 1148 4037 17
1211 3986 1416 4037 *estuas
1475 3997 1612 4036 eras·
1668 3998 1700 4035 a
1752 3980 1830 4033 lit.
1884 3979 1939 4032 A
2155 3979 2223 4033 18
2275 3994 2449 4032 rerum
2501 3979 2864 4047 periturarum

603 4074 718 4141 ipse
764 4074 820 4125 te
869 4071 949 4126 ed.
986 4070 1259 4124 Baluziws
1295 4068 1398 4136 (ed.
1437 4070 1494 4137 4)
1702 4065 1861 4119 times
1914 4081 1982 4119 ex
2035 4065 2186 4117 timis
2239 4080 2377 4119 corr.
2422 4081 2490 4118 m.
2528 4068 2565 4118 2
2616 4066 2728 4119 AB

606 4159 672 4213 19
719 4156 1058 4225 dereliqueris
1105 4156 1160 4209 B
1367 4153 1434 4208 25
1479 4145 1952 4220 intollerandumq.
1987 4166 2127 4206 erae.
2167 4151 2260 4205 alt.
2299 4151 2318 4203 l
2353 4152 2407 4203 A
2613 4151 2681 4205 26
2716 4167 2862 4220 pere-

607 4242 872 4314 grainanti
910 4243 963 4294 A
