<?xml version="1.0" encoding="UTF-8"?>
<!DOCTYPE html PUBLIC "-//W3C//DTD XHTML 1.0 Transitional//EN"
    "http://www.w3.org/TR/xhtml1/DTD/xhtml1-transitional.dtd">
<html xmlns="http://www.w3.org/1999/xhtml" xml:lang="en" lang="en">
 <head>
  <title>
</title>
<meta http-equiv="Content-Type" content="text/html;charset=utf-8" />
  <meta name='ocr-system' content='tesseract 3.04.00' />
  <meta name='ocr-capabilities' content='ocr_page ocr_carea ocr_par ocr_line ocrx_word'/>
</head>
<body>
  <div class='ocr_page' id='page_1' title='image "./operaomnia07paulgoog_0053.png"; bbox 0 0 3380 4919; ppageno 0'>
   <div class='ocr_carea' id='block_1_1' title="bbox 1157 347 2719 417">
    <p class='ocr_par' dir='ltr' id='par_1_1' title="bbox 1157 347 2719 417">
     <span class='ocr_line' id='line_1_1' title="bbox 1157 347 2719 417; baseline -0.001 -15"><span class='ocrx_word' id='word_1_1' title='bbox 1157 349 1234 402; x_wconf 90' lang='lat' dir='ltr'>de</span> <span class='ocrx_word' id='word_1_2' title='bbox 1268 347 1538 417; x_wconf 83' lang='lat' dir='ltr'><strong>gubern.</strong></span> <span class='ocrx_word' id='word_1_3' title='bbox 1576 347 1679 403; x_wconf 87' lang='lat' dir='ltr'>dei</span> <span class='ocrx_word' id='word_1_4' title='bbox 1722 349 1782 404; x_wconf 93' lang='lat'>11</span> <span class='ocrx_word' id='word_1_5' title='bbox 1819 351 1849 412; x_wconf 65' lang='lat'>5</span> <span class='ocrx_word' id='word_1_6' title='bbox 1889 349 2036 403; x_wconf 85' lang='lat'><strong>1-5.</strong></span> <span class='ocrx_word' id='word_1_7' title='bbox 2640 352 2719 417; x_wconf 83' lang='lat'>31</span> 
     </span>
    </p>
   </div>
   <div class='ocr_carea' id='block_1_2' title="bbox 405 536 2793 3093">
    <p class='ocr_par' dir='ltr' id='par_1_2' title="bbox 405 536 2793 3093">
     <span class='ocr_line' id='line_1_2' title="bbox 471 536 2724 623; baseline -0 -21"><span class='ocrx_word' id='word_1_8' title='bbox 471 538 761 623; x_wconf 90' lang='lat' dir='ltr'>probaret</span> <span class='ocrx_word' id='word_1_9' title='bbox 808 536 1051 602; x_wconf 83' lang='lat' dir='ltr'>scilicet</span> <span class='ocrx_word' id='word_1_10' title='bbox 1096 537 1255 602; x_wconf 90' lang='lat' dir='ltr'>nihil</span> <span class='ocrx_word' id='word_1_11' title='bbox 1299 536 1378 601; x_wconf 92' lang='lat' dir='ltr'>ab</span> <span class='ocrx_word' id='word_1_12' title='bbox 1417 556 1485 603; x_wconf 92' lang='lat' dir='ltr'>eo</span> <span class='ocrx_word' id='word_1_13' title='bbox 1516 539 1786 623; x_wconf 82' lang='lat' dir='ltr'>neglegi,</span> <span class='ocrx_word' id='word_1_14' title='bbox 1833 555 2019 619; x_wconf 90' lang='lat' dir='ltr'>quem</span> <span class='ocrx_word' id='word_1_15' title='bbox 2048 537 2402 603; x_wconf 76' lang='lat' dir='ltr'>ostenderet</span> <span class='ocrx_word' id='word_1_16' title='bbox 2433 537 2724 603; x_wconf 88' lang='lat' dir='ltr'>uniuersa</span> 
     </span>
     <span class='ocr_line' id='line_1_3' title="bbox 472 640 2783 724; baseline -0.001 -17"><span class='ocrx_word' id='word_1_17' title='bbox 472 641 712 708; x_wconf 87' lang='lat' dir='ltr'>rimari.</span> <span class='ocrx_word' id='word_1_18' title='bbox 788 641 951 724; x_wconf 89' lang='lat' dir='ltr'>quod</span> <span class='ocrx_word' id='word_1_19' title='bbox 1008 641 1081 705; x_wconf 88' lang='lat' dir='ltr'>ut</span> <span class='ocrx_word' id='word_1_20' title='bbox 1135 641 1383 723; x_wconf 83' lang='lat' dir='ltr'>plenius</span> <span class='ocrx_word' id='word_1_21' title='bbox 1446 642 1686 723; x_wconf 83' lang='lat' dir='ltr'>capiaS,</span> <span class='ocrx_word' id='word_1_22' title='bbox 1751 640 1896 707; x_wconf 84' lang='lat' dir='ltr'>audi</span> <span class='ocrx_word' id='word_1_23' title='bbox 1957 641 2104 722; x_wconf 89' lang='lat' dir='ltr'>quid</span> <span class='ocrx_word' id='word_1_24' title='bbox 2162 641 2230 705; x_wconf 89' lang='lat' dir='ltr'>in</span> <span class='ocrx_word' id='word_1_25' title='bbox 2288 643 2408 707; x_wconf 90' lang='lat' dir='ltr'>alio</span> <span class='ocrx_word' id='word_1_26' title='bbox 2455 640 2783 722; x_wconf 87' lang='lat' dir='ltr'>scriptu-3</span> 
     </span>
     <span class='ocr_line' id='line_1_4' title="bbox 471 742 2723 827; baseline -0 -19"><span class='ocrx_word' id='word_1_27' title='bbox 471 744 685 809; x_wconf 87' lang='lat' dir='ltr'>rarum</span> <span class='ocrx_word' id='word_1_28' title='bbox 752 746 883 810; x_wconf 87' lang='lat' dir='ltr'>loco</span> <span class='ocrx_word' id='word_1_29' title='bbox 951 742 1116 809; x_wconf 90' lang='lat' dir='ltr'>idem</span> <span class='ocrx_word' id='word_1_30' title='bbox 1183 745 1453 809; x_wconf 88' lang='lat' dir='ltr'>testatur</span> <span class='ocrx_word' id='word_1_31' title='bbox 1516 743 1777 827; x_wconf 84' lang='lat' dir='ltr'>spiritus</span> <span class='ocrx_word' id='word_1_32' title='bbox 1845 745 2125 809; x_wconf 82' lang='lat' dir='ltr'>sanctus:</span> <span class='ocrx_word' id='word_1_33' title='bbox 2195 744 2438 824; x_wconf 87' lang='lat' dir='ltr'>oculi,</span> <span class='ocrx_word' id='word_1_34' title='bbox 2499 743 2723 826; x_wconf 88' lang='lat' dir='ltr'>inquit,</span> 
     </span>
     <span class='ocr_line' id='line_1_5' title="bbox 473 844 2725 928; baseline -0 -17"><span class='ocrx_word' id='word_1_35' title='bbox 473 846 773 912; x_wconf 90' lang='lat' dir='ltr'>domini</span> <span class='ocrx_word' id='word_1_36' title='bbox 842 864 1077 928; x_wconf 88' lang='lat' dir='ltr'>super</span> <span class='ocrx_word' id='word_1_37' title='bbox 1144 844 1531 911; x_wconf 87' lang='lat' dir='ltr'>timentes</span> <span class='ocrx_word' id='word_1_38' title='bbox 1599 866 1803 925; x_wconf 89' lang='lat' dir='ltr'>eum,</span> <span class='ocrx_word' id='word_1_39' title='bbox 1871 848 1956 911; x_wconf 90' lang='lat' dir='ltr'>ut</span> <span class='ocrx_word' id='word_1_40' title='bbox 2023 846 2317 928; x_wconf 86' lang='lat' dir='ltr'>eripiat</span> <span class='ocrx_word' id='word_1_41' title='bbox 2382 850 2420 912; x_wconf 81' lang='lat' dir='ltr'>a</span> <span class='ocrx_word' id='word_1_42' title='bbox 2476 849 2725 912; x_wconf 89' lang='lat' dir='ltr'>morte</span> 
     </span>
     <span class='ocr_line' id='line_1_6' title="bbox 429 948 2727 1032; baseline -0.002 -17"><span class='ocrx_word' id='word_1_43' title='bbox 429 951 771 1016; x_wconf 63' lang='lat' dir='ltr'>sanimas</span> <span class='ocrx_word' id='word_1_44' title='bbox 845 967 1107 1013; x_wconf 90' lang='lat' dir='ltr'>eorum</span> <span class='ocrx_word' id='word_1_45' title='bbox 1167 950 1243 1013; x_wconf 90' lang='lat' dir='ltr'>et</span> <span class='ocrx_word' id='word_1_46' title='bbox 1302 948 1468 1013; x_wconf 87' lang='lat' dir='ltr'>alat</span> <span class='ocrx_word' id='word_1_47' title='bbox 1520 967 1651 1014; x_wconf 89' lang='lat' dir='ltr'>eos</span> <span class='ocrx_word' id='word_1_48' title='bbox 1688 950 1776 1014; x_wconf 81' lang='lat' dir='ltr'>in</span> <span class='ocrx_word' id='word_1_49' title='bbox 1820 949 2039 1015; x_wconf 87' lang='lat' dir='ltr'>fame.</span> <span class='ocrx_word' id='word_1_50' title='bbox 2116 968 2253 1015; x_wconf 85' lang='lat' dir='ltr'>ecee</span> <span class='ocrx_word' id='word_1_51' title='bbox 2299 967 2409 1014; x_wconf 90' lang='lat' dir='ltr'>cur</span> <span class='ocrx_word' id='word_1_52' title='bbox 2454 949 2727 1032; x_wconf 78' lang='lat' dir='ltr'>aspicere</span> 
     </span>
     <span class='ocr_line' id='line_1_7' title="bbox 470 1050 2723 1135; baseline 0 -19"><span class='ocrx_word' id='word_1_53' title='bbox 470 1053 667 1118; x_wconf 87' lang='lat' dir='ltr'>iustos</span> <span class='ocrx_word' id='word_1_54' title='bbox 713 1051 992 1117; x_wconf 87' lang='lat' dir='ltr'>homines</span> <span class='ocrx_word' id='word_1_55' title='bbox 1039 1050 1188 1116; x_wconf 90' lang='lat' dir='ltr'>deus</span> <span class='ocrx_word' id='word_1_56' title='bbox 1235 1051 1503 1132; x_wconf 89' lang='lat' dir='ltr'>dicitur,</span> <span class='ocrx_word' id='word_1_57' title='bbox 1556 1052 1771 1134; x_wconf 84' lang='lat' dir='ltr'>utique</span> <span class='ocrx_word' id='word_1_58' title='bbox 1817 1055 1888 1115; x_wconf 90' lang='lat' dir='ltr'>ut</span> <span class='ocrx_word' id='word_1_59' title='bbox 1934 1057 2255 1117; x_wconf 88' lang='lat' dir='ltr'>conseruet</span> <span class='ocrx_word' id='word_1_60' title='bbox 2299 1058 2371 1118; x_wconf 91' lang='lat' dir='ltr'>ut</span> <span class='ocrx_word' id='word_1_61' title='bbox 2416 1052 2723 1135; x_wconf 88' lang='lat' dir='ltr'>protegat.</span> 
     </span>
     <span class='ocr_line' id='line_1_8' title="bbox 475 1154 2727 1238; baseline -0.001 -18"><span class='ocrx_word' id='word_1_62' title='bbox 475 1156 761 1237; x_wconf 78' lang='lat' dir='ltr'>aspectus</span> <span class='ocrx_word' id='word_1_63' title='bbox 825 1155 991 1220; x_wconf 87' lang='lat' dir='ltr'>enim</span> <span class='ocrx_word' id='word_1_64' title='bbox 1049 1154 1407 1220; x_wconf 89' lang='lat' dir='ltr'>diuinitatis</span> <span class='ocrx_word' id='word_1_65' title='bbox 1470 1157 1776 1238; x_wconf 77' lang='lat' dir='ltr'>propitiae</span> <span class='ocrx_word' id='word_1_66' title='bbox 1823 1173 2049 1220; x_wconf 87' lang='lat' dir='ltr'>munus</span> <span class='ocrx_word' id='word_1_67' title='bbox 2097 1156 2196 1220; x_wconf 86' lang='lat' dir='ltr'>est</span> <span class='ocrx_word' id='word_1_68' title='bbox 2240 1155 2727 1222; x_wconf 88' lang='lat' dir='ltr'>conuersationis</span> 
     </span>
     <span class='ocr_line' id='line_1_9' title="bbox 473 1256 2726 1341; baseline 0 -19"><span class='ocrx_word' id='word_1_69' title='bbox 473 1259 802 1324; x_wconf 86' lang='lat' dir='ltr'>humanae.</span> <span class='ocrx_word' id='word_1_70' title='bbox 865 1277 1015 1323; x_wconf 87' lang='lat' dir='ltr'>nam</span> <span class='ocrx_word' id='word_1_71' title='bbox 1060 1259 1124 1323; x_wconf 87' lang='lat' dir='ltr'>et</span> <span class='ocrx_word' id='word_1_72' title='bbox 1167 1256 1322 1322; x_wconf 87' lang='lat' dir='ltr'>alibi</span> <span class='ocrx_word' id='word_1_73' title='bbox 1368 1259 1536 1323; x_wconf 87' lang='lat' dir='ltr'>idem</span> <span class='ocrx_word' id='word_1_74' title='bbox 1583 1258 1833 1323; x_wconf 83' lang='lat' dir='ltr'>diuinus</span> <span class='ocrx_word' id='word_1_75' title='bbox 1880 1258 2168 1341; x_wconf 89' lang='lat' dir='ltr'>spiritus:</span> <span class='ocrx_word' id='word_1_76' title='bbox 2214 1259 2452 1338; x_wconf 90' lang='lat' dir='ltr'>oculi,</span> <span class='ocrx_word' id='word_1_77' title='bbox 2498 1258 2726 1341; x_wconf 88' lang='lat' dir='ltr'>inquit,</span> 
     </span>
     <span class='ocr_line' id='line_1_10' title="bbox 476 1362 2726 1445; baseline -0 -20"><span class='ocrx_word' id='word_1_78' title='bbox 476 1362 776 1429; x_wconf 90' lang='lat' dir='ltr'>domini</span> <span class='ocrx_word' id='word_1_79' title='bbox 820 1381 1051 1445; x_wconf 90' lang='lat' dir='ltr'>super</span> <span class='ocrx_word' id='word_1_80' title='bbox 1094 1362 1385 1439; x_wconf 76' lang='lat' dir='ltr'>iustoS,</span> <span class='ocrx_word' id='word_1_81' title='bbox 1437 1364 1786 1426; x_wconf 82' lang='lat' dir='ltr'>stauros</span> <span class='ocrx_word' id='word_1_82' title='bbox 1819 1363 1986 1426; x_wconf 87' lang='lat' dir='ltr'>eius</span> <span class='ocrx_word' id='word_1_83' title='bbox 2031 1362 2109 1426; x_wconf 90' lang='lat' dir='ltr'>in</span> <span class='ocrx_word' id='word_1_84' title='bbox 2138 1379 2412 1443; x_wconf 88' lang='lat' dir='ltr'>preces</span> <span class='ocrx_word' id='word_1_85' title='bbox 2446 1380 2726 1426; x_wconf 90' lang='lat' dir='ltr'>eorum.</span> 
     </span>
     <span class='ocr_line' id='line_1_11' title="bbox 405 1463 2726 1549; baseline -0.001 -19"><span class='ocrx_word' id='word_1_86' title='bbox 405 1493 457 1531; x_wconf 83' lang='grc' dir='ltr'>ιο</span> <span class='ocrx_word' id='word_1_87' title='bbox 475 1465 648 1543; x_wconf 91' lang='lat' dir='ltr'>uide,</span> <span class='ocrx_word' id='word_1_88' title='bbox 720 1484 843 1548; x_wconf 90' lang='lat' dir='ltr'>qua</span> <span class='ocrx_word' id='word_1_89' title='bbox 907 1464 1299 1549; x_wconf 82' lang='lat' dir='ltr'>benignitate</span> <span class='ocrx_word' id='word_1_90' title='bbox 1360 1478 1541 1548; x_wconf 85' lang='lat' dir='ltr'>agere</span> <span class='ocrx_word' id='word_1_91' title='bbox 1605 1483 1750 1528; x_wconf 89' lang='lat' dir='ltr'>cum</span> <span class='ocrx_word' id='word_1_92' title='bbox 1795 1464 1925 1528; x_wconf 90' lang='lat' dir='ltr'>suis</span> <span class='ocrx_word' id='word_1_93' title='bbox 1973 1463 2158 1528; x_wconf 90' lang='lat' dir='ltr'>deum</span> <span class='ocrx_word' id='word_1_94' title='bbox 2204 1464 2512 1548; x_wconf 88' lang='lat' dir='ltr'>scriptura</span> <span class='ocrx_word' id='word_1_95' title='bbox 2555 1464 2726 1531; x_wconf 84' lang='lat' dir='ltr'>dicit.</span> 
     </span>
     <span class='ocr_line' id='line_1_12' title="bbox 475 1567 2726 1650; baseline -0 -18"><span class='ocrx_word' id='word_1_96' title='bbox 475 1570 538 1632; x_wconf 91' lang='lat' dir='ltr'>in</span> <span class='ocrx_word' id='word_1_97' title='bbox 587 1569 700 1633; x_wconf 85' lang='lat' dir='ltr'>hoc</span> <span class='ocrx_word' id='word_1_98' title='bbox 742 1567 1082 1650; x_wconf 87' lang='lat' dir='ltr'>siquidem,</span> <span class='ocrx_word' id='word_1_99' title='bbox 1148 1567 1311 1649; x_wconf 89' lang='lat' dir='ltr'>quod</span> <span class='ocrx_word' id='word_1_100' title='bbox 1356 1569 1475 1646; x_wconf 90' lang='lat' dir='ltr'>ait,</span> <span class='ocrx_word' id='word_1_101' title='bbox 1538 1568 1746 1634; x_wconf 85' lang='lat' dir='ltr'>oculos</span> <span class='ocrx_word' id='word_1_102' title='bbox 1806 1567 2045 1634; x_wconf 87' lang='lat' dir='ltr'>domini</span> <span class='ocrx_word' id='word_1_103' title='bbox 2102 1585 2286 1649; x_wconf 89' lang='lat' dir='ltr'>super</span> <span class='ocrx_word' id='word_1_104' title='bbox 2331 1568 2527 1632; x_wconf 87' lang='lat' dir='ltr'>iustos</span> <span class='ocrx_word' id='word_1_105' title='bbox 2573 1585 2726 1647; x_wconf 88' lang='lat' dir='ltr'>esse,</span> 
     </span>
     <span class='ocr_line' id='line_1_13' title="bbox 478 1670 2729 1753; baseline -0 -18"><span class='ocrx_word' id='word_1_106' title='bbox 478 1671 736 1735; x_wconf 86' lang='lat' dir='ltr'>affectus</span> <span class='ocrx_word' id='word_1_107' title='bbox 783 1671 1141 1753; x_wconf 86' lang='lat' dir='ltr'>aspicientis</span> <span class='ocrx_word' id='word_1_108' title='bbox 1203 1670 1554 1736; x_wconf 85' lang='lat' dir='ltr'>ostenditur</span> <span class='ocrx_word' id='word_1_109' title='bbox 1572 1720 1588 1749; x_wconf 89' lang='lat'>,</span> <span class='ocrx_word' id='word_1_110' title='bbox 1649 1671 1718 1735; x_wconf 91' lang='lat' dir='ltr'>in</span> <span class='ocrx_word' id='word_1_111' title='bbox 1762 1672 1878 1737; x_wconf 87' lang='lat' dir='ltr'>hoe</span> <span class='ocrx_word' id='word_1_112' title='bbox 1923 1671 2133 1736; x_wconf 91' lang='lat' dir='ltr'>autem</span> <span class='ocrx_word' id='word_1_113' title='bbox 2154 1721 2168 1750; x_wconf 93' lang='lat'>,</span> <span class='ocrx_word' id='word_1_114' title='bbox 2231 1670 2393 1752; x_wconf 90' lang='lat' dir='ltr'>quod</span> <span class='ocrx_word' id='word_1_115' title='bbox 2441 1689 2617 1736; x_wconf 87' lang='lat' dir='ltr'>aures</span> <span class='ocrx_word' id='word_1_116' title='bbox 2662 1671 2729 1735; x_wconf 91' lang='lat' dir='ltr'>in</span> 
     </span>
     <span class='ocr_line' id='line_1_14' title="bbox 476 1772 2727 1858; baseline 0 -21"><span class='ocrx_word' id='word_1_117' title='bbox 476 1773 759 1857; x_wconf 77' lang='lat' dir='ltr'>precibus</span> <span class='ocrx_word' id='word_1_118' title='bbox 816 1775 1065 1858; x_wconf 88' lang='lat' dir='ltr'>paratas</span> <span class='ocrx_word' id='word_1_119' title='bbox 1123 1791 1395 1857; x_wconf 90' lang='lat' dir='ltr'>semper,</span> <span class='ocrx_word' id='word_1_120' title='bbox 1465 1773 1854 1839; x_wconf 84' lang='lat' dir='ltr'>exaudientis</span> <span class='ocrx_word' id='word_1_121' title='bbox 1919 1772 2178 1856; x_wconf 86' lang='lat' dir='ltr'>largitas</span> <span class='ocrx_word' id='word_1_122' title='bbox 2238 1773 2727 1839; x_wconf 84' lang='lat' dir='ltr'>demonstratur:</span> 
     </span>
     <span class='ocr_line' id='line_1_15' title="bbox 477 1875 2731 1961; baseline 0.001 -21"><span class='ocrx_word' id='word_1_123' title='bbox 477 1878 765 1957; x_wconf 86' lang='lat' dir='ltr'>quamuis</span> <span class='ocrx_word' id='word_1_124' title='bbox 809 1895 919 1958; x_wconf 88' lang='lat' dir='ltr'>per</span> <span class='ocrx_word' id='word_1_125' title='bbox 964 1878 1047 1961; x_wconf 88' lang='lat' dir='ltr'>id,</span> <span class='ocrx_word' id='word_1_126' title='bbox 1086 1875 1255 1958; x_wconf 71' lang='lat' dir='ltr'>‘quod</span> <span class='ocrx_word' id='word_1_127' title='bbox 1302 1875 1474 1951; x_wconf 89' lang='lat' dir='ltr'>dicit,</span> <span class='ocrx_word' id='word_1_128' title='bbox 1524 1877 1771 1941; x_wconf 87' lang='lat' dir='ltr'>diuinas</span> <span class='ocrx_word' id='word_1_129' title='bbox 1819 1894 1998 1941; x_wconf 84' lang='lat' dir='ltr'>aures</span> <span class='ocrx_word' id='word_1_130' title='bbox 2043 1876 2111 1939; x_wconf 90' lang='lat' dir='ltr'>in</span> <span class='ocrx_word' id='word_1_131' title='bbox 2155 1875 2443 1960; x_wconf 90' lang='lat' dir='ltr'>precibus</span> <span class='ocrx_word' id='word_1_132' title='bbox 2490 1895 2731 1959; x_wconf 85' lang='lat' dir='ltr'>semper</span> 
     </span>
     <span class='ocr_line' id='line_1_16' title="bbox 407 1977 2731 2061; baseline -0 -18"><span class='ocrx_word' id='word_1_133' title='bbox 407 2005 458 2044; x_wconf 82' lang='lat'>15</span> <span class='ocrx_word' id='word_1_134' title='bbox 477 1998 609 2044; x_wconf 86' lang='lat' dir='ltr'>esse</span> <span class='ocrx_word' id='word_1_135' title='bbox 655 1980 993 2058; x_wconf 85' lang='lat' dir='ltr'>iustorum,</span> <span class='ocrx_word' id='word_1_136' title='bbox 1060 1997 1184 2044; x_wconf 89' lang='lat' dir='ltr'>non</span> <span class='ocrx_word' id='word_1_137' title='bbox 1241 1979 1559 2045; x_wconf 86' lang='lat' dir='ltr'>audientia</span> <span class='ocrx_word' id='word_1_138' title='bbox 1604 1980 1857 2044; x_wconf 88' lang='lat' dir='ltr'>tantum</span> <span class='ocrx_word' id='word_1_139' title='bbox 1903 1978 2003 2043; x_wconf 89' lang='lat' dir='ltr'>dei</span> <span class='ocrx_word' id='word_1_140' title='bbox 2048 1979 2160 2043; x_wconf 88' lang='lat' dir='ltr'>sed</span> <span class='ocrx_word' id='word_1_141' title='bbox 2206 1981 2509 2061; x_wconf 85' lang='lat' dir='ltr'>quaedam</span> <span class='ocrx_word' id='word_1_142' title='bbox 2556 1977 2731 2061; x_wconf 87' lang='lat' dir='ltr'>quasi</span> 
     </span>
     <span class='ocr_line' id='line_1_17' title="bbox 481 2080 2792 2166; baseline -0 -20"><span class='ocrx_word' id='word_1_143' title='bbox 481 2080 875 2147; x_wconf 83' lang='lat' dir='ltr'>oboedientia</span> <span class='ocrx_word' id='word_1_144' title='bbox 905 2083 1005 2147; x_wconf 90' lang='lat' dir='ltr'>dei</span> <span class='ocrx_word' id='word_1_145' title='bbox 1036 2082 1416 2166; x_wconf 84' lang='lat' dir='ltr'>designetur.</span> <span class='ocrx_word' id='word_1_146' title='bbox 1471 2083 1775 2165; x_wconf 89' lang='lat' dir='ltr'>quomodo</span> <span class='ocrx_word' id='word_1_147' title='bbox 1807 2081 1973 2146; x_wconf 89' lang='lat' dir='ltr'>enim</span> <span class='ocrx_word' id='word_1_148' title='bbox 2003 2080 2069 2147; x_wconf 92' lang='lat' dir='ltr'>in</span> <span class='ocrx_word' id='word_1_149' title='bbox 2100 2081 2391 2164; x_wconf 88' lang='lat' dir='ltr'>precibus</span> <span class='ocrx_word' id='word_1_150' title='bbox 2422 2080 2792 2147; x_wconf 86' lang='lat' dir='ltr'>iustorum4</span> 
     </span>
     <span class='ocr_line' id='line_1_18' title="bbox 478 2184 2732 2268; baseline -0 -18"><span class='ocrx_word' id='word_1_151' title='bbox 478 2185 727 2250; x_wconf 90' lang='lat' dir='ltr'>diuinae</span> <span class='ocrx_word' id='word_1_152' title='bbox 774 2204 954 2250; x_wconf 88' lang='lat' dir='ltr'>aures</span> <span class='ocrx_word' id='word_1_153' title='bbox 1002 2187 1197 2250; x_wconf 77' lang='lat' dir='ltr'>sunt?</span> <span class='ocrx_word' id='word_1_154' title='bbox 1241 2188 1565 2267; x_wconf 89' lang='lat' dir='ltr'>quomodo,</span> <span class='ocrx_word' id='word_1_155' title='bbox 1611 2186 1733 2250; x_wconf 91' lang='lat' dir='ltr'>nisi</span> <span class='ocrx_word' id='word_1_156' title='bbox 1763 2186 1835 2250; x_wconf 90' lang='lat' dir='ltr'>ut</span> <span class='ocrx_word' id='word_1_157' title='bbox 1879 2204 2126 2268; x_wconf 89' lang='lat' dir='ltr'>semper</span> <span class='ocrx_word' id='word_1_158' title='bbox 2171 2185 2446 2262; x_wconf 89' lang='lat' dir='ltr'>audiant,</span> <span class='ocrx_word' id='word_1_159' title='bbox 2494 2184 2615 2248; x_wconf 87' lang='lat' dir='ltr'>nisi</span> <span class='ocrx_word' id='word_1_160' title='bbox 2660 2187 2732 2249; x_wconf 88' lang='lat' dir='ltr'>ut</span> 
     </span>
     <span class='ocr_line' id='line_1_19' title="bbox 476 2288 2733 2369; baseline 0 -18"><span class='ocrx_word' id='word_1_161' title='bbox 476 2306 719 2369; x_wconf 89' lang='lat' dir='ltr'>semper</span> <span class='ocrx_word' id='word_1_162' title='bbox 785 2288 1145 2366; x_wconf 82' lang='lat' dir='ltr'>exaudiant,</span> <span class='ocrx_word' id='word_1_163' title='bbox 1216 2288 1338 2352; x_wconf 89' lang='lat' dir='ltr'>nisi</span> <span class='ocrx_word' id='word_1_164' title='bbox 1384 2292 1454 2352; x_wconf 90' lang='lat' dir='ltr'>ut</span> <span class='ocrx_word' id='word_1_165' title='bbox 1500 2290 1788 2369; x_wconf 88' lang='lat' dir='ltr'>prompte</span> <span class='ocrx_word' id='word_1_166' title='bbox 1813 2288 2047 2353; x_wconf 84' lang='lat' dir='ltr'>audita</span> <span class='ocrx_word' id='word_1_167' title='bbox 2110 2288 2422 2366; x_wconf 88' lang='lat' dir='ltr'>tribuant,</span> <span class='ocrx_word' id='word_1_168' title='bbox 2493 2289 2614 2351; x_wconf 86' lang='lat' dir='ltr'>nisi</span> <span class='ocrx_word' id='word_1_169' title='bbox 2660 2290 2733 2351; x_wconf 88' lang='lat' dir='ltr'>ut</span> 
     </span>
     <span class='ocr_line' id='line_1_20' title="bbox 477 2389 2731 2473; baseline 0 -20"><span class='ocrx_word' id='word_1_170' title='bbox 477 2390 622 2454; x_wconf 92' lang='lat' dir='ltr'>ilico</span> <span class='ocrx_word' id='word_1_171' title='bbox 670 2390 961 2455; x_wconf 86' lang='lat' dir='ltr'>exaudita</span> <span class='ocrx_word' id='word_1_172' title='bbox 996 2392 1383 2455; x_wconf 77' lang='lat' dir='ltr'>concedant?</span> <span class='ocrx_word' id='word_1_173' title='bbox 1428 2408 1670 2471; x_wconf 89' lang='lat' dir='ltr'>semper</span> <span class='ocrx_word' id='word_1_174' title='bbox 1704 2408 1847 2473; x_wconf 90' lang='lat' dir='ltr'>ergo</span> <span class='ocrx_word' id='word_1_175' title='bbox 1881 2390 1960 2453; x_wconf 88' lang='lat' dir='ltr'>ad</span> <span class='ocrx_word' id='word_1_176' title='bbox 1991 2389 2328 2454; x_wconf 87' lang='lat' dir='ltr'>audiendas</span> <span class='ocrx_word' id='word_1_177' title='bbox 2373 2390 2731 2454; x_wconf 87' lang='lat' dir='ltr'>sanctorum</span> 
     </span>
     <span class='ocr_line' id='line_1_21' title="bbox 407 2494 2731 2577; baseline -0.002 -14"><span class='ocrx_word' id='word_1_178' title='bbox 407 2512 688 2577; x_wconf 68' lang='lat' dir='ltr'>zopreces</span> <span class='ocrx_word' id='word_1_179' title='bbox 756 2496 1008 2575; x_wconf 87' lang='lat' dir='ltr'>paratae</span> <span class='ocrx_word' id='word_1_180' title='bbox 1080 2494 1314 2558; x_wconf 88' lang='lat' dir='ltr'>domini</span> <span class='ocrx_word' id='word_1_181' title='bbox 1380 2494 1579 2558; x_wconf 87' lang='lat' dir='ltr'>nostri</span> <span class='ocrx_word' id='word_1_182' title='bbox 1645 2511 1846 2574; x_wconf 80' lang='lat' dir='ltr'>aureS,</span> <span class='ocrx_word' id='word_1_183' title='bbox 1918 2512 2162 2575; x_wconf 86' lang='lat' dir='ltr'>semper</span> <span class='ocrx_word' id='word_1_184' title='bbox 2227 2494 2506 2559; x_wconf 88' lang='lat' dir='ltr'>attentae</span> <span class='ocrx_word' id='word_1_185' title='bbox 2564 2497 2731 2559; x_wconf 89' lang='lat' dir='ltr'>sunt.</span> 
     </span>
     <span class='ocr_line' id='line_1_22' title="bbox 478 2597 2730 2681; baseline -0.001 -19"><span class='ocrx_word' id='word_1_186' title='bbox 478 2615 665 2677; x_wconf 88' lang='lat' dir='ltr'>quam</span> <span class='ocrx_word' id='word_1_187' title='bbox 730 2598 897 2662; x_wconf 88' lang='lat' dir='ltr'>beati</span> <span class='ocrx_word' id='word_1_188' title='bbox 965 2615 1238 2661; x_wconf 88' lang='lat' dir='ltr'>essemus</span> <span class='ocrx_word' id='word_1_189' title='bbox 1309 2614 1553 2676; x_wconf 82' lang='lat' dir='ltr'>omneS,</span> <span class='ocrx_word' id='word_1_190' title='bbox 1625 2597 1680 2661; x_wconf 87' lang='lat' dir='ltr'>si</span> <span class='ocrx_word' id='word_1_191' title='bbox 1737 2616 1925 2678; x_wconf 89' lang='lat' dir='ltr'>quam</span> <span class='ocrx_word' id='word_1_192' title='bbox 1990 2598 2347 2678; x_wconf 84' lang='lat' dir='ltr'>promptam</span> <span class='ocrx_word' id='word_1_193' title='bbox 2416 2615 2563 2681; x_wconf 85' lang='lat' dir='ltr'>erga</span> <span class='ocrx_word' id='word_1_194' title='bbox 2621 2613 2730 2660; x_wconf 90' lang='lat' dir='ltr'>nos</span> 
     </span>
     <span class='ocr_line' id='line_1_23' title="bbox 480 2698 2729 2783; baseline 0 -20"><span class='ocrx_word' id='word_1_195' title='bbox 480 2698 867 2765; x_wconf 89' lang='lat' dir='ltr'>audientiam</span> <span class='ocrx_word' id='word_1_196' title='bbox 914 2702 1010 2765; x_wconf 91' lang='lat' dir='ltr'>dei</span> <span class='ocrx_word' id='word_1_197' title='bbox 1055 2699 1356 2781; x_wconf 89' lang='lat' dir='ltr'>legimus,</span> <span class='ocrx_word' id='word_1_198' title='bbox 1427 2699 1560 2763; x_wconf 86' lang='lat' dir='ltr'>tam</span> <span class='ocrx_word' id='word_1_199' title='bbox 1628 2699 1915 2783; x_wconf 89' lang='lat' dir='ltr'>prompte</span> <span class='ocrx_word' id='word_1_200' title='bbox 1984 2700 2102 2782; x_wconf 89' lang='lat' dir='ltr'>ipsi</span> <span class='ocrx_word' id='word_1_201' title='bbox 2171 2700 2356 2764; x_wconf 88' lang='lat' dir='ltr'>deum</span> <span class='ocrx_word' id='word_1_202' title='bbox 2421 2700 2729 2763; x_wconf 88' lang='lat' dir='ltr'>uellemus</span> 
     </span>
     <span class='ocr_line' id='line_1_24' title="bbox 480 2802 2730 2887; baseline 0 -21"><span class='ocrx_word' id='word_1_203' title='bbox 480 2803 710 2867; x_wconf 88' lang='lat' dir='ltr'>audire.</span> <span class='ocrx_word' id='word_1_204' title='bbox 759 2804 866 2869; x_wconf 89' lang='lat' dir='ltr'>sed</span> <span class='ocrx_word' id='word_1_205' title='bbox 898 2803 1160 2868; x_wconf 88' lang='lat' dir='ltr'>forsitan</span> <span class='ocrx_word' id='word_1_206' title='bbox 1190 2802 1362 2881; x_wconf 87' lang='lat' dir='ltr'>dicis,</span> <span class='ocrx_word' id='word_1_207' title='bbox 1416 2803 1529 2868; x_wconf 90' lang='lat' dir='ltr'>hoc</span> <span class='ocrx_word' id='word_1_208' title='bbox 1557 2805 1724 2885; x_wconf 88' lang='lat' dir='ltr'>quod</span> <span class='ocrx_word' id='word_1_209' title='bbox 1757 2802 1954 2869; x_wconf 87' lang='lat' dir='ltr'>iustos</span> <span class='ocrx_word' id='word_1_210' title='bbox 1988 2804 2264 2887; x_wconf 87' lang='lat' dir='ltr'>aspicere</span> <span class='ocrx_word' id='word_1_211' title='bbox 2295 2805 2445 2868; x_wconf 89' lang='lat' dir='ltr'>deus</span> <span class='ocrx_word' id='word_1_212' title='bbox 2477 2803 2730 2885; x_wconf 87' lang='lat' dir='ltr'>legitur,</span> 
     </span>
     <span class='ocr_line' id='line_1_25' title="bbox 480 2907 2730 2991; baseline 0 -22"><span class='ocrx_word' id='word_1_213' title='bbox 480 2923 701 2986; x_wconf 86' lang='lat' dir='ltr'>parum</span> <span class='ocrx_word' id='word_1_214' title='bbox 767 2907 1059 2988; x_wconf 88' lang='lat' dir='ltr'>prodesse</span> <span class='ocrx_word' id='word_1_215' title='bbox 1127 2925 1375 2986; x_wconf 87' lang='lat' dir='ltr'>causae,</span> <span class='ocrx_word' id='word_1_216' title='bbox 1448 2908 1593 2988; x_wconf 81' lang='lat' dir='ltr'>quia</span> <span class='ocrx_word' id='word_1_217' title='bbox 1660 2925 1782 2972; x_wconf 90' lang='lat' dir='ltr'>non</span> <span class='ocrx_word' id='word_1_218' title='bbox 1852 2909 1936 2972; x_wconf 88' lang='lat' dir='ltr'>sit</span> <span class='ocrx_word' id='word_1_219' title='bbox 2002 2908 2309 2991; x_wconf 88' lang='lat' dir='ltr'>generalis</span> <span class='ocrx_word' id='word_1_220' title='bbox 2379 2907 2730 2972; x_wconf 88' lang='lat' dir='ltr'>diuinitatis</span> 
     </span>
     <span class='ocr_line' id='line_1_26' title="bbox 408 3007 2793 3093; baseline 0 -21"><span class='ocrx_word' id='word_1_221' title='bbox 408 3007 765 3090; x_wconf 68' lang='lat' dir='ltr'>nsintuitUS,</span> <span class='ocrx_word' id='word_1_222' title='bbox 813 3011 918 3089; x_wconf 91' lang='lat' dir='ltr'>qui</span> <span class='ocrx_word' id='word_1_223' title='bbox 964 3009 1145 3073; x_wconf 88' lang='lat' dir='ltr'>iustis</span> <span class='ocrx_word' id='word_1_224' title='bbox 1189 3009 1440 3073; x_wconf 88' lang='lat' dir='ltr'>tantum</span> <span class='ocrx_word' id='word_1_225' title='bbox 1483 3010 1743 3090; x_wconf 86' lang='lat' dir='ltr'>speciali</span> <span class='ocrx_word' id='word_1_226' title='bbox 1789 3010 2178 3093; x_wconf 83' lang='lat' dir='ltr'>benignitate</span> <span class='ocrx_word' id='word_1_227' title='bbox 2221 3010 2558 3074; x_wconf 89' lang='lat' dir='ltr'>tribuatur.</span> <span class='ocrx_word' id='word_1_228' title='bbox 2607 3009 2793 3074; x_wconf 86' lang='lat' dir='ltr'>iam5</span> 
     </span>
    </p>
   </div>
   <div class='ocr_carea' id='block_1_3' title="bbox 681 3133 1767 3201">
    <p class='ocr_par' dir='ltr' id='par_1_3' title="bbox 681 3133 1767 3201">
     <span class='ocr_line' id='line_1_27' title="bbox 681 3133 1767 3201; baseline 0 -12"><span class='ocrx_word' id='word_1_229' title='bbox 681 3136 714 3189; x_wconf 92' lang='lat'><strong>3</strong></span> <span class='ocrx_word' id='word_1_230' title='bbox 749 3134 892 3188; x_wconf 90' lang='lat' dir='ltr'>Psal.</span> <span class='ocrx_word' id='word_1_231' title='bbox 931 3133 1014 3200; x_wconf 83' lang='lat'>32,</span> <span class='ocrx_word' id='word_1_232' title='bbox 1055 3135 1120 3188; x_wconf 89' lang='grc'>18</span> <span class='ocrx_word' id='word_1_233' title='bbox 1328 3135 1363 3188; x_wconf 89' lang='grc'>8</span> <span class='ocrx_word' id='word_1_234' title='bbox 1397 3135 1541 3189; x_wconf 86' lang='lat' dir='ltr'>Psal.</span> <span class='ocrx_word' id='word_1_235' title='bbox 1576 3135 1660 3201; x_wconf 88' lang='lat'>33,</span> <span class='ocrx_word' id='word_1_236' title='bbox 1704 3136 1767 3190; x_wconf 87' lang='lat'>16</span> 
     </span>
    </p>
   </div>
   <div class='ocr_carea' id='block_1_4' title="bbox 471 3245 2734 4348">
    <p class='ocr_par' dir='ltr' id='par_1_4' title="bbox 471 3245 2734 4348">
     <span class='ocr_line' id='line_1_28' title="bbox 582 3245 2733 3315; baseline 0 -16"><span class='ocrx_word' id='word_1_237' title='bbox 582 3245 614 3299; x_wconf 90' lang='grc'>2</span> <span class='ocrx_word' id='word_1_238' title='bbox 661 3246 788 3300; x_wconf 87' lang='lat' dir='ltr'>audi</span> <span class='ocrx_word' id='word_1_239' title='bbox 812 3273 813 3276; x_wconf 35' lang='lat'>¹</span> <span class='ocrx_word' id='word_1_240' title='bbox 837 3247 978 3315; x_wconf 91' lang='lat' dir='ltr'>quod</span> <span class='ocrx_word' id='word_1_241' title='bbox 1024 3247 1075 3299; x_wconf 88' lang='lat' dir='ltr'>B</span> <span class='ocrx_word' id='word_1_242' title='bbox 1123 3248 1253 3314; x_wconf 78' lang='lat' dir='ltr'>(pro</span> <span class='ocrx_word' id='word_1_243' title='bbox 1299 3246 1427 3300; x_wconf 89' lang='lat' dir='ltr'>audi</span> <span class='ocrx_word' id='word_1_244' title='bbox 1463 3247 1595 3315; x_wconf 91' lang='lat' dir='ltr'>quid</span> <span class='ocrx_word' id='word_1_245' title='bbox 1630 3248 1895 3301; x_wconf 78' lang='lat' dir='ltr'>librarius</span> <span class='ocrx_word' id='word_1_246' title='bbox 1930 3248 2153 3315; x_wconf 81' lang='lat' dir='ltr'>scripsit</span> <span class='ocrx_word' id='word_1_247' title='bbox 2189 3249 2441 3302; x_wconf 76' lang='lat' dir='ltr'>nesciens</span> <span class='ocrx_word' id='word_1_248' title='bbox 2478 3248 2633 3301; x_wconf 72' lang='lat' dir='ltr'>Sala.</span> <span class='ocrx_word' id='word_1_249' title='bbox 2669 3247 2733 3300; x_wconf 78' lang='lat' dir='ltr'>in</span> 
     </span>
     <span class='ocr_line' id='line_1_29' title="bbox 479 3331 2731 3402; baseline -0.001 -17"><span class='ocrx_word' id='word_1_250' title='bbox 479 3332 906 3402; x_wconf 74' lang='lat' dir='ltr'>interroyatione</span> <span class='ocrx_word' id='word_1_251' title='bbox 939 3332 1211 3387; x_wconf 75' lang='lat' dir='ltr'>indirecta</span> <span class='ocrx_word' id='word_1_252' title='bbox 1239 3332 1369 3400; x_wconf 78' lang='lat' dir='ltr'>plus</span> <span class='ocrx_word' id='word_1_253' title='bbox 1403 3332 1562 3386; x_wconf 82' lang='lat' dir='ltr'>semel</span> <span class='ocrx_word' id='word_1_254' title='bbox 1593 3332 1903 3387; x_wconf 74' lang='lat' dir='ltr'>inddcatiuo</span> <span class='ocrx_word' id='word_1_255' title='bbox 1937 3334 2042 3398; x_wconf 80' lang='lat' dir='ltr'>uti)</span> <span class='ocrx_word' id='word_1_256' title='bbox 2243 3335 2273 3387; x_wconf 84' lang='lat'>7</span> <span class='ocrx_word' id='word_1_257' title='bbox 2311 3331 2731 3386; x_wconf 86' lang='lat' dir='ltr'>conuersationis</span> 
     </span>
     <span class='ocr_line' id='line_1_30' title="bbox 480 3416 2733 3483; baseline -0 -12"><span class='ocrx_word' id='word_1_258' title='bbox 480 3418 793 3473; x_wconf 74' lang='lat' dir='ltr'>Harteliusz</span> <span class='ocrx_word' id='word_1_259' title='bbox 849 3418 1267 3473; x_wconf 83' lang='lat' dir='ltr'>conseruationis</span> <span class='ocrx_word' id='word_1_260' title='bbox 1304 3417 1414 3470; x_wconf 85' lang='lat' dir='ltr'>AB</span> <span class='ocrx_word' id='word_1_261' title='bbox 1451 3418 1737 3483; x_wconf 77' lang='lat' dir='ltr'>Halmius3</span> <span class='ocrx_word' id='word_1_262' title='bbox 1794 3435 1951 3472; x_wconf 82' lang='lat' dir='ltr'>error</span> <span class='ocrx_word' id='word_1_263' title='bbox 1987 3424 2139 3473; x_wconf 66' lang='lat' dir='ltr'>ortus</span> <span class='ocrx_word' id='word_1_264' title='bbox 2176 3424 2254 3472; x_wconf 82' lang='lat' dir='ltr'>est</span> <span class='ocrx_word' id='word_1_265' title='bbox 2291 3435 2358 3472; x_wconf 80' lang='lat' dir='ltr'>ex</span> <span class='ocrx_word' id='word_1_266' title='bbox 2392 3416 2733 3472; x_wconf 67' lang='lat' dir='ltr'>mutet-edenti</span> 
     </span>
     <span class='ocr_line' id='line_1_31' title="bbox 479 3503 2731 3568; baseline -0 -11"><span class='ocrx_word' id='word_1_267' title='bbox 479 3509 775 3568; x_wconf 78' lang='lat' dir='ltr'>conseruet3</span> <span class='ocrx_word' id='word_1_268' title='bbox 803 3510 1040 3560; x_wconf 82' lang='lat' dir='ltr'>ceterwm</span> <span class='ocrx_word' id='word_1_269' title='bbox 1062 3504 1132 3558; x_wconf 84' lang='lat' dir='ltr'>de</span> <span class='ocrx_word' id='word_1_270' title='bbox 1155 3520 1289 3559; x_wconf 76' lang='lat' dir='ltr'>uoce</span> <span class='ocrx_word' id='word_1_271' title='bbox 1310 3505 1641 3558; x_wconf 87' lang='lat' dir='ltr'>conseruatio</span> <span class='ocrx_word' id='word_1_272' title='bbox 1655 3505 1870 3568; x_wconf 84' lang='lat' dir='ltr'>=uita,</span> <span class='ocrx_word' id='word_1_273' title='bbox 1897 3520 2069 3558; x_wconf 86' lang='lat' dir='ltr'>mores</span> <span class='ocrx_word' id='word_1_274' title='bbox 2088 3504 2206 3559; x_wconf 78' lang='lat' dir='ltr'>uid.</span> <span class='ocrx_word' id='word_1_275' title='bbox 2224 3504 2457 3558; x_wconf 75' lang='lat' dir='ltr'>indicem</span> <span class='ocrx_word' id='word_1_276' title='bbox 2594 3505 2628 3556; x_wconf 88' lang='grc'>8</span> <span class='ocrx_word' id='word_1_277' title='bbox 2653 3503 2731 3557; x_wconf 88' lang='lat' dir='ltr'>di-</span> 
     </span>
     <span class='ocr_line' id='line_1_32' title="bbox 479 3590 2733 3660; baseline 0 -17"><span class='ocrx_word' id='word_1_278' title='bbox 479 3591 640 3643; x_wconf 89' lang='lat' dir='ltr'>uinus</span> <span class='ocrx_word' id='word_1_279' title='bbox 675 3592 898 3660; x_wconf 86' lang='lat' dir='ltr'>spiritus</span> <span class='ocrx_word' id='word_1_280' title='bbox 936 3593 1151 3646; x_wconf 87' lang='lat' dir='ltr'>sanctus</span> <span class='ocrx_word' id='word_1_281' title='bbox 1186 3591 1241 3645; x_wconf 99' lang='grc' dir='ltr'><strong><em>Β</em></strong></span> <span class='ocrx_word' id='word_1_282' title='bbox 1440 3591 1472 3644; x_wconf 87' lang='grc'><strong>9</strong></span> <span class='ocrx_word' id='word_1_283' title='bbox 1509 3592 1757 3660; x_wconf 87' lang='lat' dir='ltr'>impreces</span> <span class='ocrx_word' id='word_1_284' title='bbox 1791 3596 1855 3645; x_wconf 77' lang='lat' dir='ltr'>ut</span> <span class='ocrx_word' id='word_1_285' title='bbox 1870 3592 2045 3659; x_wconf 74' lang='lat' dir='ltr'>paulo</span> <span class='ocrx_word' id='word_1_286' title='bbox 2063 3596 2190 3659; x_wconf 77' lang='lat' dir='ltr'>post</span> <span class='ocrx_word' id='word_1_287' title='bbox 2214 3596 2298 3644; x_wconf 80' lang='lat' dir='ltr'>ter</span> <span class='ocrx_word' id='word_1_288' title='bbox 2332 3590 2650 3659; x_wconf 84' lang='lat' dir='ltr'>impreeibus</span> <span class='ocrx_word' id='word_1_289' title='bbox 2678 3590 2733 3644; x_wconf 71' lang='lat' dir='ltr'><strong><em>A</em></strong></span> 
     </span>
     <span class='ocr_line' id='line_1_33' title="bbox 478 3677 2730 3746; baseline 0 -16"><span class='ocrx_word' id='word_1_290' title='bbox 478 3692 635 3744; x_wconf 78' lang='lat' dir='ltr'>quem</span> <span class='ocrx_word' id='word_1_291' title='bbox 659 3692 895 3732; x_wconf 83' lang='lat' dir='ltr'>errorem</span> <span class='ocrx_word' id='word_1_292' title='bbox 917 3679 979 3732; x_wconf 75' lang='lat' dir='ltr'>in</span> <span class='ocrx_word' id='word_1_293' title='bbox 999 3679 1096 3733; x_wconf 76' lang='lat' dir='ltr'>hoc</span> <span class='ocrx_word' id='word_1_294' title='bbox 1133 3678 1248 3732; x_wconf 86' lang='lat' dir='ltr'>cod.</span> <span class='ocrx_word' id='word_1_295' title='bbox 1286 3678 1427 3732; x_wconf 79' lang='lat' dir='ltr'>alias</span> <span class='ocrx_word' id='word_1_296' title='bbox 1461 3693 1670 3746; x_wconf 77' lang='lat' dir='ltr'>quoque</span> <span class='ocrx_word' id='word_1_297' title='bbox 1706 3693 1985 3732; x_wconf 77' lang='lat' dir='ltr'>occurrere</span> <span class='ocrx_word' id='word_1_298' title='bbox 2019 3678 2326 3731; x_wconf 76' lang='lat' dir='ltr'>monuimus</span> <span class='ocrx_word' id='word_1_299' title='bbox 2353 3678 2415 3731; x_wconf 80' lang='lat' dir='ltr'>in</span> <span class='ocrx_word' id='word_1_300' title='bbox 2440 3677 2730 3731; x_wconf 58' lang='lat' dir='ltr'>Sita-Ber.</span> 
     </span>
     <span class='ocr_line' id='line_1_34' title="bbox 472 3763 2731 3833; baseline 0.001 -17"><span class='ocrx_word' id='word_1_301' title='bbox 472 3778 533 3830; x_wconf 79' lang='lat' dir='ltr'>p.</span> <span class='ocrx_word' id='word_1_302' title='bbox 559 3766 594 3816; x_wconf 91' lang='lat'><strong><em>6</em></strong></span> <span class='ocrx_word' id='word_1_303' title='bbox 622 3763 806 3818; x_wconf 68' lang='lat' dir='ltr'>adnot.</span> <span class='ocrx_word' id='word_1_304' title='bbox 992 3765 1055 3818; x_wconf 89' lang='lat'>11</span> <span class='ocrx_word' id='word_1_305' title='bbox 1081 3763 1715 3833; x_wconf 85' lang='lat' dir='ltr'>siquidem—ostenditur</span> <span class='ocrx_word' id='word_1_306' title='bbox 1738 3764 1796 3816; x_wconf 93' lang='lat' dir='ltr'>in</span> <span class='ocrx_word' id='word_1_307' title='bbox 1820 3763 1922 3817; x_wconf 88' lang='lat' dir='ltr'>hoc</span> <span class='ocrx_word' id='word_1_308' title='bbox 1943 3779 2044 3817; x_wconf 89' lang='lat' dir='ltr'>om.</span> <span class='ocrx_word' id='word_1_309' title='bbox 2070 3763 2126 3816; x_wconf 90' lang='grc' dir='ltr'><strong><em>Β</em></strong></span> <span class='ocrx_word' id='word_1_310' title='bbox 2134 3783 2153 3828; x_wconf 83' lang='grc'>,-</span> <span class='ocrx_word' id='word_1_311' title='bbox 2188 3764 2360 3817; x_wconf 72' lang='lat' dir='ltr'>werba</span> <span class='ocrx_word' id='word_1_312' title='bbox 2383 3764 2581 3818; x_wconf 74' lang='lat' dir='ltr'>mni-ssa</span> <span class='ocrx_word' id='word_1_313' title='bbox 2604 3780 2731 3831; x_wconf 70' lang='lat' dir='ltr'>sup-</span> 
     </span>
     <span class='ocr_line' id='line_1_35' title="bbox 478 3849 2732 3919; baseline 0.001 -17"><span class='ocrx_word' id='word_1_314' title='bbox 478 3849 627 3916; x_wconf 79' lang='lat' dir='ltr'>pleta</span> <span class='ocrx_word' id='word_1_315' title='bbox 648 3856 781 3904; x_wconf 72' lang='lat' dir='ltr'>sunt</span> <span class='ocrx_word' id='word_1_316' title='bbox 805 3850 867 3903; x_wconf 72' lang='lat' dir='ltr'>im</span> <span class='ocrx_word' id='word_1_317' title='bbox 888 3850 1141 3905; x_wconf 73' lang='lat' dir='ltr'>schedula</span> <span class='ocrx_word' id='word_1_318' title='bbox 1164 3851 1379 3905; x_wconf 79' lang='lat' dir='ltr'>adiecta</span> <span class='ocrx_word' id='word_1_319' title='bbox 1536 3855 1665 3904; x_wconf 73' lang='lat' dir='ltr'>ante</span> <span class='ocrx_word' id='word_1_320' title='bbox 1688 3866 1844 3919; x_wconf 87' lang='lat' dir='ltr'>super</span> <span class='ocrx_word' id='word_1_321' title='bbox 1866 3851 1997 3916; x_wconf 78' lang='lat' dir='ltr'>fort.</span> <span class='ocrx_word' id='word_1_322' title='bbox 2026 3849 2229 3904; x_wconf 75' lang='lat' dir='ltr'>excidit</span> <span class='ocrx_word' id='word_1_323' title='bbox 2250 3865 2455 3919; x_wconf 87' lang='lat' dir='ltr'>semper</span> <span class='ocrx_word' id='word_1_324' title='bbox 2476 3856 2542 3904; x_wconf 73' lang='lat' dir='ltr'>ut</span> <span class='ocrx_word' id='word_1_325' title='bbox 2558 3852 2732 3918; x_wconf 73' lang='lat' dir='ltr'>paulo</span> 
     </span>
     <span class='ocr_line' id='line_1_36' title="bbox 471 3935 2732 4006; baseline 0 -18"><span class='ocrx_word' id='word_1_326' title='bbox 471 3941 601 4002; x_wconf 76' lang='lat' dir='ltr'>post</span> <span class='ocrx_word' id='word_1_327' title='bbox 624 3939 840 4003; x_wconf 86' lang='lat' dir='ltr'>paratas</span> <span class='ocrx_word' id='word_1_328' title='bbox 865 3952 1066 4005; x_wconf 85' lang='lat' dir='ltr'>semper</span> <span class='ocrx_word' id='word_1_329' title='bbox 1250 3936 1314 3990; x_wconf 88' lang='lat'>14</span> <span class='ocrx_word' id='word_1_330' title='bbox 1337 3952 1432 4005; x_wconf 89' lang='lat' dir='ltr'>per</span> <span class='ocrx_word' id='word_1_331' title='bbox 1454 3951 1554 3990; x_wconf 87' lang='lat' dir='ltr'>om.</span> <span class='ocrx_word' id='word_1_332' title='bbox 1579 3935 1634 3989; x_wconf 98' lang='grc' dir='ltr'><strong><em>Β</em></strong></span> <span class='ocrx_word' id='word_1_333' title='bbox 1812 3936 1877 3991; x_wconf 91' lang='grc'>16</span> <span class='ocrx_word' id='word_1_334' title='bbox 1904 3935 1987 3989; x_wconf 85' lang='lat' dir='ltr'>dei</span> <span class='ocrx_word' id='word_1_335' title='bbox 2012 3950 2111 3990; x_wconf 84' lang='lat' dir='ltr'>om.</span> <span class='ocrx_word' id='word_1_336' title='bbox 2136 3936 2191 3989; x_wconf 89' lang='lat' dir='ltr'><em>B</em></span> <span class='ocrx_word' id='word_1_337' title='bbox 2367 3936 2432 3990; x_wconf 89' lang='lat'>18</span> <span class='ocrx_word' id='word_1_338' title='bbox 2455 3940 2732 4006; x_wconf 86' lang='lat' dir='ltr'>promptae</span> 
     </span>
     <span class='ocr_line' id='line_1_37' title="bbox 479 4021 2734 4092; baseline 0.002 -19"><span class='ocrx_word' id='word_1_339' title='bbox 479 4023 535 4073; x_wconf 89' lang='lat' dir='ltr'><strong><em>A</em></strong></span> <span class='ocrx_word' id='word_1_340' title='bbox 571 4023 738 4089; x_wconf 77' lang='lat' dir='ltr'>(quod</span> <span class='ocrx_word' id='word_1_341' title='bbox 763 4038 869 4091; x_wconf 78' lang='lat' dir='ltr'>per</span> <span class='ocrx_word' id='word_1_342' title='bbox 894 4038 950 4077; x_wconf 82' lang='lat' dir='ltr'>se</span> <span class='ocrx_word' id='word_1_343' title='bbox 980 4022 1127 4087; x_wconf 79' lang='lat' dir='ltr'>ferri</span> <span class='ocrx_word' id='word_1_344' title='bbox 1149 4023 1337 4090; x_wconf 78' lang='lat' dir='ltr'>possit,</span> <span class='ocrx_word' id='word_1_345' title='bbox 1375 4023 1469 4077; x_wconf 79' lang='lat' dir='ltr'>sed</span> <span class='ocrx_word' id='word_1_346' title='bbox 1504 4023 1629 4076; x_wconf 86' lang='lat' dir='ltr'>ilico</span> <span class='ocrx_word' id='word_1_347' title='bbox 1666 4021 1813 4092; x_wconf 75' lang='lat' dir='ltr'>quod</span> <span class='ocrx_word' id='word_1_348' title='bbox 1845 4023 2094 4090; x_wconf 75' lang='lat' dir='ltr'>sequitur</span> <span class='ocrx_word' id='word_1_349' title='bbox 2126 4024 2250 4077; x_wconf 75' lang='lat' dir='ltr'>ueri</span> <span class='ocrx_word' id='word_1_350' title='bbox 2284 4023 2519 4078; x_wconf 76' lang='lat' dir='ltr'>similius</span> <span class='ocrx_word' id='word_1_351' title='bbox 2554 4023 2734 4077; x_wconf 78' lang='lat' dir='ltr'>reddit</span> 
     </span>
     <span class='ocr_line' id='line_1_38' title="bbox 481 4107 2732 4176; baseline 0.003 -18"><span class='ocrx_word' id='word_1_352' title='bbox 481 4121 541 4159; x_wconf 87' lang='lat' dir='ltr'>ae</span> <span class='ocrx_word' id='word_1_353' title='bbox 577 4122 758 4162; x_wconf 79' lang='lat' dir='ltr'>errore</span> <span class='ocrx_word' id='word_1_354' title='bbox 778 4109 855 4161; x_wconf 51' lang='lat' dir='ltr'>*in</span> <span class='ocrx_word' id='word_1_355' title='bbox 892 4107 1169 4161; x_wconf 77' lang='lat' dir='ltr'>aduerbiis</span> <span class='ocrx_word' id='word_1_356' title='bbox 1198 4108 1260 4161; x_wconf 75' lang='lat' dir='ltr'>in</span> <span class='ocrx_word' id='word_1_357' title='bbox 1284 4107 1339 4160; x_wconf 81' lang='lat' dir='ltr'><strong><em>A</em></strong></span> <span class='ocrx_word' id='word_1_358' title='bbox 1373 4109 1595 4176; x_wconf 76' lang='lat' dir='ltr'>saepius</span> <span class='ocrx_word' id='word_1_359' title='bbox 1619 4108 1778 4163; x_wconf 75' lang='lat' dir='ltr'>obuio</span> <span class='ocrx_word' id='word_1_360' title='bbox 1802 4109 2067 4176; x_wconf 74' lang='lat' dir='ltr'>scriptum</span> <span class='ocrx_word' id='word_1_361' title='bbox 2090 4123 2201 4162; x_wconf 78' lang='lat' dir='ltr'>esse</span> <span class='ocrx_word' id='word_1_362' title='bbox 2230 4124 2335 4175; x_wconf 78' lang='lat' dir='ltr'>pro</span> <span class='ocrx_word' id='word_1_363' title='bbox 2371 4123 2425 4172; x_wconf 86' lang='lat' dir='ltr'>e;</span> <span class='ocrx_word' id='word_1_364' title='bbox 2462 4109 2563 4174; x_wconf 78' lang='lat' dir='ltr'>cfr.</span> <span class='ocrx_word' id='word_1_365' title='bbox 2601 4108 2732 4165; x_wconf 78' lang='lat' dir='ltr'>adn.</span> 
     </span>
     <span class='ocr_line' id='line_1_39' title="bbox 481 4192 2692 4262; baseline 0.002 -18"><span class='ocrx_word' id='word_1_366' title='bbox 481 4192 554 4245; x_wconf 86' lang='lat' dir='ltr'>ad</span> <span class='ocrx_word' id='word_1_367' title='bbox 591 4193 625 4245; x_wconf 94' lang='lat'><strong><em>1</em></strong></span> <span class='ocrx_word' id='word_1_368' title='bbox 659 4196 747 4258; x_wconf 82' lang='lat'>57)</span> <span class='ocrx_word' id='word_1_369' title='bbox 786 4196 1023 4262; x_wconf 83' lang='lat' dir='ltr'>promtae</span> <span class='ocrx_word' id='word_1_370' title='bbox 1058 4194 1112 4245; x_wconf 93' lang='grc' dir='ltr'><strong><em>Β</em></strong></span> <span class='ocrx_word' id='word_1_371' title='bbox 1323 4193 1387 4246; x_wconf 87' lang='grc'>19</span> <span class='ocrx_word' id='word_1_372' title='bbox 1424 4193 1490 4247; x_wconf 88' lang='lat' dir='ltr'>ad</span> <span class='ocrx_word' id='word_1_373' title='bbox 1526 4209 1626 4250; x_wconf 88' lang='lat' dir='ltr'>om.</span> <span class='ocrx_word' id='word_1_374' title='bbox 1662 4195 1719 4248; x_wconf 81' lang='lat' dir='ltr'><strong><em>A</em></strong></span> <span class='ocrx_word' id='word_1_375' title='bbox 1922 4193 1989 4247; x_wconf 83' lang='lat'>22</span> <span class='ocrx_word' id='word_1_376' title='bbox 2023 4193 2210 4248; x_wconf 87' lang='lat' dir='ltr'>audire</span> <span class='ocrx_word' id='word_1_377' title='bbox 2245 4194 2503 4248; x_wconf 80' lang='lat' dir='ltr'>uellemus</span> <span class='ocrx_word' id='word_1_378' title='bbox 2541 4195 2597 4248; x_wconf 91' lang='grc' dir='ltr'><strong><em>Β</em></strong></span> <span class='ocrx_word' id='word_1_379' title='bbox 2689 4217 2692 4218; x_wconf 50' lang='grc'>’</span> 
     </span>
     <span class='ocr_line' id='line_1_40' title="bbox 480 4277 1516 4348; baseline 0.003 -17"><span class='ocrx_word' id='word_1_380' title='bbox 480 4277 549 4332; x_wconf 88' lang='grc'>23</span> <span class='ocrx_word' id='word_1_381' title='bbox 583 4280 813 4348; x_wconf 81' lang='lat' dir='ltr'>aspicere</span> <span class='ocrx_word' id='word_1_382' title='bbox 850 4280 978 4334; x_wconf 89' lang='lat' dir='ltr'>deus</span> <span class='ocrx_word' id='word_1_383' title='bbox 1014 4280 1217 4347; x_wconf 85' lang='lat' dir='ltr'>legitur</span> <span class='ocrx_word' id='word_1_384' title='bbox 1252 4279 1424 4333; x_wconf 85' lang='lat' dir='ltr'>iustos</span> <span class='ocrx_word' id='word_1_385' title='bbox 1460 4281 1516 4334; x_wconf 90' lang='grc' dir='ltr'><strong><em>Β</em></strong></span> 
     </span>
    </p>
   </div>
  </div>
 </body>
</html>
