3380 4919
1166 416 1240 469 de
1276 415 1551 486 gubern.
1591 415 1699 469 dei
1739 414 1768 468 1
1806 418 1836 478 ἓ
1872 415 2056 470 6-10.
2693 413 2729 478 7

483 609 818 673 laetantur.
910 624 1078 671 cum
1135 605 1367 685 enim,
1414 605 1617 687 inquit
1678 605 2029 688 apostoluS,
2088 601 2483 680 infirmor,
2541 602 2732 666 tunc

481 715 764 795 potens
811 729 992 774 sum.
1038 728 1150 774 nec
1195 711 1507 775 immerito
1554 710 1644 774 sic
1676 707 2034 785 arbitratur,
2085 710 2161 772 ad
2206 724 2389 788 quem
2419 706 2566 770 deus
2599 705 2732 787 ipse

464 817 570 880 wsic
617 815 922 896 loquitur:
970 812 1300 877 sufficit
1353 813 1506 878 tibi
1556 812 1825 895 gratia
1869 828 2057 892 mea3
2115 828 2289 874 nam
2344 806 2603 874 uirtus
2647 808 2730 873 in

479 916 969 982 infirmitate
1013 915 1468 997 perficitur.
1515 933 1902 996 nequaquam
1933 931 2075 996 ergo
2109 911 2285 977 nobis
2329 912 2589 978 dolenda
2636 916 2729 977 est
2791 908 2831 973 9

434 1039 459 1079 5
479 1020 630 1084 haec
690 1017 958 1083 adflictio
1015 1018 1484 1097 infirmitatum,
1544 1037 1730 1100 quam
1797 1017 2224 1100 intellegimus
2276 1018 2545 1081 matrem
2602 1036 2730 1083 esse

478 1122 811 1188 uirtutum.
858 1124 1070 1205 itaque
1100 1121 1396 1206 quicquid
1427 1122 1585 1185 illud
1617 1121 1826 1196 fuerit,
1873 1120 2244 1203 quicumque
2277 1138 2420 1184 uere
2451 1120 2728 1204 religiosi

480 1230 645 1308 sunt,
693 1225 862 1291 beati
907 1245 1035 1291 esse
1082 1226 1326 1292 dicendi
1357 1229 1526 1305 sunt,
1573 1224 1721 1307 quia
1748 1224 1913 1288 inter
1946 1225 2287 1306 quamlibet
2322 1226 2475 1303 dura
2506 1243 2726 1306 quam-

481 1329 641 1394 libet
667 1348 879 1411 aspera
909 1330 1068 1393 nulli
1097 1329 1407 1394 beatiores
1439 1329 1586 1393 sunt
1615 1346 1801 1410 quam
1833 1328 1938 1409 qui
1968 1328 2085 1393 hoc
2114 1331 2261 1392 sunt
2288 1327 2449 1409 quod
2478 1328 2719 1393 uolunt.

477 1432 715 1497 soleant
765 1432 1074 1515 'quamuis
1141 1452 1270 1497 esse
1341 1431 1666 1507 nonnulli,
1745 1431 1851 1513 qui
1924 1433 2135 1513 turpia
2210 1432 2392 1513 atque
2468 1432 2727 1496 obscena

407 1541 813 1616 10sectante8‚
879 1539 992 1602 etsi
1038 1538 1210 1603 iuxta
1254 1538 1599 1619 opinionem
1645 1555 1825 1601 suam
1867 1535 2042 1600 beati
2100 1537 2276 1616 sunt,
2334 1535 2478 1617 quia
2524 1535 2724 1618 adipi-

478 1644 736 1706 scuntur
781 1642 943 1723 quod
973 1641 1212 1718 uolunt,
1259 1660 1325 1704 re
1358 1642 1570 1704 tamen
1616 1639 1753 1724 ipsa
1782 1641 1948 1703 beati
1993 1658 2115 1704 non
2158 1644 2325 1717 sunt,
2376 1638 2520 1720 quia
2565 1638 2725 1720 quod

477 1743 695 1809 uolunt
738 1744 902 1808 nolle
949 1743 1306 1809 debuerant.
1396 1742 1671 1826 religiosi
1718 1742 1929 1807 autem
1972 1742 2089 1806 hoc
2134 1741 2372 1806 cunctis
2416 1741 2722 1806 beatiores

479 1849 644 1924 sunt,
694 1848 840 1928 quia
873 1850 938 1911 et
966 1847 1200 1911 habent
1246 1865 1400 1928 quae
1430 1847 1653 1910 uolunt
1699 1849 1761 1910 et
1792 1847 2054 1910 meliora
2084 1864 2271 1927 quam
2303 1863 2458 1926 quae
2493 1844 2722 1910 habent

476 1953 720 2015 omnino
765 1951 992 2015 habere
1037 1969 1156 2014 non
1202 1952 1479 2032 possunt.
1530 1949 1705 2013 labor
1749 1950 1961 2030 itaque
2007 1949 2069 2014 et
2114 1949 2412 2013 ieiunium
2460 1952 2521 2012 et
2567 1967 2720 2030 pau-

406 2053 679 2135 15pe1·tas
739 2055 803 2119 et
860 2054 1190 2118 humilitas
1247 2057 1310 2118 et
1353 2053 1686 2118 infirmitas
1745 2072 1867 2118 non
1914 2053 2200 2118 omnibus
2261 2055 2411 2118 sunt
2468 2072 2721 2118 onerosa

472 2156 880 2222 tolerantibus
913 2160 1018 2222 sed
1049 2157 1313 2221 tolerare
1356 2157 1734 2221 nolentibus.
1784 2157 1916 2221 siue
1949 2156 2116 2221 enim
2146 2157 2368 2239 grauia
2397 2157 2551 2220 haec
2588 2156 2722 2221 siue

470 2258 662 2334 leuia,
725 2256 968 2324 animus
1015 2260 1342 2324 tolerantis
1388 2261 1559 2326 facit.
1650 2279 1797 2324 nam
1840 2263 2002 2326 sicut
2048 2260 2206 2325 nihil
2252 2264 2344 2326 est
2389 2265 2521 2326 tam
2565 2262 2718 2339 leue,

472 2362 637 2442 quod
681 2381 801 2426 non
848 2363 904 2427 ei
935 2379 1121 2444 graue
1152 2365 1236 2428 sit
1267 2363 1373 2444 qui
1403 2363 1642 2427 inuitus
1673 2363 1843 2444 facit,
1890 2364 1983 2427 sic
2028 2363 2185 2429 nihil
2215 2365 2310 2427 est
2343 2366 2477 2427 tam
2507 2381 2717 2445 graue,

467 2466 630 2547 quod
675 2484 795 2530 non
841 2466 897 2530 ei
943 2466 1049 2548 qui
1093 2466 1158 2531 id
1202 2466 1467 2532 libenter
1513 2470 1835 2549 exequitur
1883 2468 2019 2531 leue
2066 2486 2197 2532 esse
2242 2467 2552 2532 uideatur.
2602 2467 2718 2531 nisi
2743 2469 2823 2534 10

399 2589 450 2629 20
468 2569 628 2633 forte
675 2568 948 2651 antiquis
994 2569 1120 2634 illis
1166 2570 1406 2652 priscae
1450 2571 1707 2635 uirtutis
1738 2570 1913 2649 uiriS‚
1945 2569 2177 2649 Fabiis,
2217 2569 2539 2649 FabriciiS‚
2573 2569 2717 2635 Cin-

469 2671 764 2750 cinnatis‚
824 2690 1016 2755 graue
1080 2674 1272 2737 fuisse
1329 2673 1785 2751 existimamuS‚
1844 2677 2003 2755 quod
2047 2692 2344 2758 pauperes
2391 2677 2565 2739 erant
2611 2674 2716 2755 qui

469 2774 697 2838 diuites
745 2794 878 2839 esse
911 2776 1222 2854 nolebant,
1269 2795 1414 2841 cum
1451 2777 1660 2841 omnia
1692 2777 1934 2843 scilicet
1963 2778 2171 2841 studia
2202 2796 2416 2841 omnes
2460 2779 2715 2842 conatus

467 2894 606 2941 suos
663 2879 742 2942 ad
799 2881 1150 2943 communia
1206 2880 1628 2945 emolumenta
1683 2881 2029 2945 conferrent
2088 2885 2151 2945 et
2205 2885 2546 2946 crescentes
2592 2881 2717 2946 rei-

465 2980 750 3059 publicae
795 2984 957 3046 uires
1003 2982 1250 3064 priuata
1294 2985 1659 3066 paupertate
1717 2984 2008 3049 ditarent.
2075 2984 2405 3066 numquid
2464 3003 2716 3066 parcam

396 3102 448 3143 25
465 3082 644 3147 illam
677 3084 828 3148 tunc
875 3090 1305 3168 agrestemque
1336 3087 1537 3151 uitam
1571 3106 1714 3150 cum
1745 3089 1985 3171 gemitu
2020 3088 2081 3151 et
2112 3089 2317 3153 dolore
2347 3088 2712 3162 tolerabant,

465 3200 605 3247 cum
667 3186 825 3250 uiles
872 3205 945 3251 ac
990 3189 1254 3253 rusticos
1301 3189 1473 3254 cibos
1517 3191 1661 3254 ante
1706 3192 1870 3271 ipsos
1916 3190 2141 3274 quibus
2202 3196 2491 3256 coxerant
2549 3191 2714 3257 focos

464 3293 812 3369 sumerent,
874 3308 1095 3372 eosque
1140 3291 1305 3374 ipsos
1355 3311 1570 3375 capere
1616 3294 1736 3357 nisi
1782 3293 1859 3357 ad
1903 3313 2229 3376 uesperam
2288 3314 2408 3359 non
2452 3296 2713 3360 liceret?

462 3392 764 3472 numquid
810 3413 992 3479 aegre
1037 3395 1337 3479 ferebant,
1387 3397 1546 3478 quod
1594 3416 1781 3462 auara
1825 3416 1898 3464 ac
1928 3399 2126 3463 diuite
2158 3398 2532 3465 conscientia
2576 3400 2713 3464 auri

663 3618 693 3667 1
747 3617 807 3670 II
843 3616 960 3670 Cor.
1002 3618 1082 3684 12,
1120 3617 1186 3671 10
1390 3619 1424 3672 3
1476 3619 1537 3673 II
1575 3620 1693 3674 Cor.
1734 3621 1813 3680 12.
1850 3621 1883 3673 9

561 3821 590 3873 1
629 3822 901 3890 apostolus
937 3822 1140 3877 infima*
1176 3824 1290 3891 ipse
1327 3825 1403 3879 sic
1438 3826 1545 3894 loq.
1581 3826 1635 3878 A
1831 3826 1866 3879 2
1902 3825 2029 3880 deus
2066 3826 2121 3880 B
2156 3842 2197 3880 s.
2225 3827 2259 3882 l.
2284 3825 2409 3884 add.
2439 3844 2505 3881 m.
2533 3830 2573 3882 2

455 3906 488 3959 3
525 3921 650 3959 nam
673 3933 701 3959 κ
726 3908 784 3960 111
809 3933 888 3961 mm
913 3924 1039 3976 ergo
1078 3910 1133 3962 A
1338 3912 1372 3963 5
1407 3910 1779 3981 intellegimus
1804 3937 1882 3966 *sk*
1907 3912 2161 3980 quicquid
2195 3914 2250 3966 A
2454 3915 2487 3967 6
2525 3916 2707 3984 religi-

453 3990 534 4044 osi
571 4017 648 4046 a„
685 3992 818 4047 dura
852 3994 908 4047 A
1115 3996 1145 4049 7
1183 3996 1407 4050 ducendi
1442 3997 1599 4052 malit
1634 3998 1895 4053 Halmius
2090 4000 2125 4052 8
2160 3999 2420 4053 beatiores
2456 4026 2560 4055 *m
2598 4018 2707 4056 esse

452 4078 698 4131 nonnulli
746 4080 802 4131 A
1008 4081 1122 4133 dira
1164 4084 1220 4134 A
1267 4097 1405 4137 corr.
1443 4099 1511 4137 ex
1546 4083 1679 4137 dura
1715 4101 1782 4137 m.
1819 4087 1860 4138 2
2067 4087 2101 4140 9
2146 4089 2309 4155 atque
2356 4086 2532 4141 obm*
2566 4090 2705 4157 quod

453 4162 645 4215 uolunt
691 4165 745 4217 A
955 4166 1014 4218 11
1072 4184 1128 4219 re
1164 4192 1242 4220 με*
1278 4183 1386 4221 11011
1423 4172 1552 4222 sunt
1588 4195 1666 4224 *aa*
1701 4170 1799 4224 hoc
1835 4172 2040 4225 cunctis
2091 4174 2145 4226 A
2357 4178 2417 4231 15
2468 4178 2523 4230 et
2560 4178 2707 4231 infir·

451 4248 616 4301 mitas
652 4249 707 4302 A
739 4265 781 4304 s.
819 4250 851 4303 l.
888 4268 956 4304 m.
995 4257 1026 4305 1
1234 4254 1299 4307 18
1334 4256 1383 4307 ei
1421 4256 1602 4322 grauis
1640 4271 1744 4309 non
1792 4256 1847 4310 B
2052 4259 2119 4314 24
2163 4261 2464 4315 ditarentur
2514 4263 2568 4315 A

451 4333 521 4388 28
557 4351 719 4389 auara
755 4352 814 4391 ac
850 4353 918 4391 eae
954 4354 1117 4392 auara
1152 4355 1183 4391 a
1219 4355 1356 4393 corr.
1393 4340 1448 4393 B
1483 4358 1551 4394 m.
1589 4345 1626 4396 2
1833 4344 1970 4397 dim
2006 4346 2120 4398 auri
2159 4349 2213 4398 A
