3380 4919
622 323 749 388 284
1595 319 1904 373 Saluiani

621 512 788 576 noxii
856 529 1040 593 quam
1110 511 1228 576 filii
1296 511 1485 575 nimis
1546 511 1757 575 amati.
1835 513 1983 576 dum
2038 510 2206 574 enim
2269 508 2366 573 illi
2424 509 2646 592 patriis
2702 512 2873 574 bonis

623 614 884 688 afluant,
947 617 1239 695 parentes
1298 615 1367 680 in
1412 613 1913 696 sempiternitate
1976 612 2349 677 cruciantur.
2429 611 2679 676 etiamsi
2742 613 2877 677 tam

621 719 760 799 pius
820 717 904 781 sit
961 716 1149 793 filius,
1218 720 1291 783 ut
1347 717 1757 801 refrigerandi
1811 715 2109 798 supplicii
2168 714 2415 797 paterni
2460 716 2663 797 gratia
2708 733 2879 780 com-

617 819 937 885 municare
996 838 1136 885 cum
1183 823 1360 898 patre
1410 823 1626 900 postea
1668 817 1833 883 bona
1875 818 2098 883 relicta
2141 819 2372 899 cupiat,
2435 836 2558 883 non
2605 818 2874 884 ualebit:

621 924 875 988 reddere
943 923 1249 1004 siquidem
1314 924 1456 1005 post
1513 924 1782 988 mortem
1842 921 2007 1004 patri
2069 923 2270 1003 pietas
2315 921 2433 986 filii
2480 940 2601 986 non
2644 922 2877 1004 poterit
2920 949 2946 990 5

519 1032 604 1098 46
623 1029 783 1108 quod
826 1026 1160 1109 unicuique
1204 1027 1521 1092 indeuotio
1564 1044 1677 1091 sua
1722 1028 1787 1090 et
1829 1025 2163 1091 infidelitas
2209 1025 2555 1108 denegarit.
2616 1024 2879 1107 ideoque

622 1130 794 1195 iuxta
839 1131 1194 1211 apostolum
1239 1148 1399 1194 unus
1437 1129 1700 1211 quisque
1744 1130 2023 1195 sarcinas
2056 1146 2199 1194 suas
2231 1129 2479 1211 cogitet,
2528 1127 2677 1209 quia
2721 1147 2881 1192 unus

624 1234 884 1315 quisque
959 1232 1282 1299 hominum
1349 1250 1463 1298 sua
1537 1251 1729 1297 onera
1792 1232 2093 1314 portabit.
2167 1231 2456 1298 flammae
2524 1231 2882 1297 infelicium

621 1338 1011 1400 mortuorum
1071 1336 1313 1404 diuitiis
1372 1354 1495 1401 non
1547 1336 1998 1418 refrigerantur
2043 1337 2359 1402 heredum.
2435 1335 2611 1400 diues
2657 1337 2768 1401 ille
2812 1337 2881 1400 in

626 1439 969 1522 euangelio,
1015 1441 1121 1522 qui
1164 1458 1440 1522 purpura
1481 1438 1861 1506 induebatur
1904 1443 1969 1505 et
2012 1441 2214 1523 bysso,
2261 1443 2493 1523 absque
2539 1439 2729 1505 dubio
2775 1441 2951 1522 quim

623 1541 899 1623 locuples
945 1543 1010 1608 in
1056 1542 1170 1608 hoc
1214 1544 1460 1608 saeculo
1502 1543 1632 1625 ipse
1679 1543 1905 1622 fuerat,
1951 1543 2147 1608 etiam
2189 1544 2446 1609 heredes
2491 1562 2635 1610 suos
2679 1546 2880 1610 morte

623 1644 872 1710 ditarat.
962 1647 1069 1710 sed
1139 1662 1528 1727 nequaquam
1593 1645 1712 1711 hoc
1776 1644 1837 1710 ei
1903 1645 2227 1728 proderat,
2295 1650 2456 1728 quod
2523 1647 2742 1729 opibus
2810 1666 2882 1712 ac

625 1748 883 1814 talentis
929 1748 1062 1813 eius
1106 1748 1387 1830 germani
1431 1747 1662 1813 diuites
1708 1748 2108 1830 incubabant,
2155 1751 2218 1814 et
2264 1748 2371 1814 ille
2402 1751 2653 1832 guttam
2697 1749 2878 1814 refri-

625 1850 784 1934 gerii
827 1851 1142 1933 inpetrare
1187 1869 1310 1915 non
1356 1852 1620 1933 poterat.
1697 1851 1794 1915 illi
1854 1857 2031 1916 erant
2073 1850 2142 1916 in
2187 1850 2574 1918 abundantia
2618 1853 2727 1917 sed
2767 1852 2879 1916 ille

623 1955 690 2018 in
735 1954 1031 2037 egestate,
1091 1953 1186 2017 illi
1235 1953 1299 2017 in
1343 1953 1763 2035 gratulatione
1822 1955 1931 2018 sed
1974 1953 2084 2017 ille
2127 1955 2193 2018 in
2239 1956 2469 2034 dolore,
2531 1954 2630 2020 illi
2673 1957 2737 2020 in
2782 1954 2881 2019 di-
2900 1982 2954 2023 ιε

623 2055 802 2123 uitiis
845 2055 956 2120 sed
1001 2055 1109 2121 ille
1152 2056 1220 2119 in
1264 2057 1613 2136 tormentis,
1658 2056 1759 2121 illi
1801 2058 2069 2122 fortasse
2111 2057 2345 2140 iugiter
2375 2059 2444 2123 in
2488 2057 2733 2123 luxuria
2776 2057 2884 2122 sed

482 2154 483 2157 '
522 2164 604 2230 47
624 2160 733 2225 ille
778 2178 1023 2243 semper
1065 2158 1131 2224 in
1178 2159 1452 2225 flamma.
1499 2178 1534 2224 o
1579 2160 1798 2226 infelix
1843 2162 1906 2225 et
1950 2162 2305 2227 miseranda
2347 2161 2654 2226 condicio!
2709 2161 2887 2225 bonis

625 2262 756 2329 suis
820 2263 962 2329 aliis
1030 2267 1429 2346 praepararat
1494 2263 1956 2330 beatitudinem
2021 2265 2145 2329 sibi
2210 2264 2670 2340 adflictionem,
2747 2263 2887 2329 aliis

626 2368 854 2451 gaudia
922 2367 1042 2433 sibi
1107 2366 1423 2446 lacrimas,
1494 2367 1637 2433 aliis
1703 2367 2095 2449 uoluptatem
2162 2368 2415 2432 breuem
2483 2368 2605 2433 sibi
2669 2368 2887 2450 ignem

623 2488 977 2552 perennem.
1055 2469 1168 2535 ubi
1214 2474 1394 2535 erant
1437 2474 1590 2535 tunc
1626 2469 1869 2535 ‘adfines
1913 2470 2026 2537 ubi
2070 2474 2421 2555 propinqui,
2471 2474 2573 2537 ubi
2605 2472 2708 2536 uel
2745 2470 2957 2549 filii‚20

627 2575 679 2639 si
725 2574 1053 2653 habuerat,
1119 2574 1227 2638 uel
1287 2575 1584 2657 germani,
1656 2592 1922 2656 quorum
1985 2577 2357 2641 meminerat
2409 2579 2474 2638 et
2521 2593 2673 2656 quos
2720 2575 2887 2638 certe

626 2679 806 2742 tanto
864 2695 1074 2742 amore
1132 2676 1449 2754 dilexerat,
1509 2681 1581 2741 ut
1638 2696 1852 2745 eorum
1896 2697 1974 2742 ne
2015 2678 2085 2742 in
2131 2678 2436 2762 supplicio
2479 2678 2728 2760 quidem
2776 2692 2887 2757 po·-

627 2780 783 2844 situs
847 2779 1322 2844 obliuisceretur
1341 2783 1373 2844 ‘1’
1443 2781 1591 2864 quid
1651 2782 1709 2846 ei
1771 2786 2100 2862 proderant
2145 2784 2291 2864 quid
2339 2780 2887 2864 suffragabantur?

524 2884 609 2952 48
627 2884 1034 2963 torquebatur
1093 2882 1312 2947 infelix
1356 2888 1422 2949 et
1467 2903 1609 2966 opes
1654 2902 1799 2949 suas
1848 2884 1988 2949 aliis
2031 2885 2479 2950 deuorantibus
2539 2884 2649 2949 ille
2706 2882 2888 2948 refri-

628 2986 788 3070 gerii
830 2986 1080 3068 guttam
1125 2986 1344 3051 ardens
1389 2985 1643 3068 petebat
1688 2990 1753 3051 et
1797 2987 2109 3069 inpetrare
2143 3004 2267 3052 non
2313 2989 2577 3069 poterat.
2644 2989 2705 3051 et
2750 2984 2883 3062 hoc,
2906 3016 2957 3058 25

630 3086 687 3150 si
733 3088 880 3169 quid
922 3086 1067 3152 addi
1097 3088 1174 3152 ad
1205 3106 1470 3174 poenam
1500 3094 1727 3172 potest,
1773 3109 1885 3172 per
1914 3091 2095 3154 illum
2128 3089 2250 3155 sibi
2280 3090 2478 3157 tribui
2508 3088 2887 3173 postulabat,

630 3208 817 3271 quem
858 3188 1187 3271 aliquando
1233 3192 1708 3276 contempserat,
1755 3213 1866 3276 per
1908 3193 2111 3275 illum,
2158 3194 2264 3278 qui
2308 3195 2373 3259 in
2418 3213 2572 3275 pure
2604 3212 2675 3259 ac
2720 3194 2888 3258 sanie

631 3294 1095 3375 conputruerat,
1154 3313 1266 3377 per
1320 3295 1524 3375 illum,
1583 3298 1760 3380 cuius
1820 3296 2117 3362 faetorem
2177 3315 2248 3363 ac
2303 3297 2655 3379 squalorem
2706 3297 2891 3379 longe

835 3479 868 3532 9
914 3480 1040 3534 Luc.
1082 3481 1147 3535 16

736 3650 763 3703 1
813 3648 942 3702 filiis
991 3649 1046 3703 Β
1251 3650 1446 3719 patriis
1493 3666 1561 3706 ox
1604 3652 1776 3719 patris
1821 3667 1963 3706 corr.
2009 3668 2077 3707 m.
2113 3655 2150 3706 2
2193 3653 2249 3707 A
2453 3652 2487 3706 2
2531 3652 2739 3706 aflnunt
2773 3650 2892 3719 (sic)

630 3733 747 3789 AB
781 3736 850 3802 ef.
887 3742 935 3800 §-
972 3738 1046 3789 50
1081 3741 1134 3790 et
1173 3735 1256 3790 II
1284 3740 1356 3792 48
1391 3780 1396 3787 .
1561 3737 1917 3807 sempiternus
1952 3741 2008 3792 te
2041 3739 2098 3792 B
2306 3739 2338 3793 7
2375 3752 2567 3806 unusq;
2602 3753 2645 3792 ε.
2681 3752 2784 3792 scr.
2819 3753 2892 3790 m.

631 3823 674 3875 2
707 3820 799 3876 wel
833 3826 863 3874 1
911 3822 1031 3890 quis
1084 3822 1140 3876 A
1361 3822 1428 3877 14
1478 3822 1566 3877 illi
1618 3825 1776 3878 erant
1827 3840 1900 3880 ex
1953 3825 2049 3878 ille
2103 3827 2260 3879 erant
2312 3838 2449 3880 corr.
2504 3839 2573 3877 m.
2609 3827 2650 3878 2
2699 3824 2756 3877 A

635 3906 701 3959 16
736 3905 935 3960 loxorla
969 3908 1025 3960 A
1221 3908 1286 3962 17
1323 3909 1370 3962 ἃ.
1402 3923 1445 3962 s.
1481 3924 1584 3964 scr.
1621 3924 1689 3963 m.
1713 3913 1752 3963 2
1802 3923 1867 3963 ac
1899 3909 1956 3963 A
2009 3924 2071 3963 ac
2104 3909 2431 3964 BHalmius
2637 3909 2708 3962 18
2740 3921 2891 3978 prae-

633 3995 788 4060 parat
821 3992 877 4045 Β
926 3994 1268 4061 praeparauit
1291 3996 1434 4062 (cum
1456 3995 1512 4063 b)
1536 3995 1620 4049 ed.
1646 3994 1924 4050 Baluziws
2127 3995 2198 4050 20
2230 3998 2386 4049 erant
2410 4009 2480 4049 em
2501 3996 2618 4049 erat
2651 4009 2793 4050 corr.
2818 4010 2890 4048 m.

631 4080 668 4131 2
702 4078 758 4133 A
963 4078 1151 4133 affines
1200 4095 1271 4134 ex
1317 4081 1516 4135 adfines
1561 4096 1703 4136 em.
1737 4098 1807 4137 m.
1845 4084 1887 4135 2
1930 4081 2041 4135 AB
2244 4080 2308 4136 21
2358 4080 2425 4150 si]
2462 4080 2570 4135 sibi
2604 4096 2643 4137 s,
2681 4095 2784 4136 scr.
2819 4095 2889 4133 m.

632 4165 673 4217 2
728 4178 860 4233 quos
913 4164 969 4218 B
1022 4180 1154 4234 quoe
1206 4165 1291 4224 ed.
1343 4165 1624 4221 Baluuiws
1679 4168 1748 4235 (si
1803 4183 1932 4236 quos
1987 4167 2109 4235 alie)
2316 4166 2386 4223 25
2436 4169 2490 4220 et
2542 4182 2643 4221 om.
2698 4166 2754 4219 B

632 4251 700 4306 27
736 4268 866 4320 pure
898 4266 938 4306 8.
976 4266 1081 4304 scr.
1119 4268 1190 4309 m.
1224 4255 1261 4306 2
1312 4254 1398 4306 lue
1433 4254 1487 4318 (i.
1524 4265 1568 4307 e.
1593 4254 1843 4321 puluere)
1879 4254 1932 4306 A
2140 4250 2209 4306 28
2243 4252 2356 4306 cius
2392 4253 2510 4321 (sic)
2546 4253 2602 4307 Δ
