<?xml version="1.0" encoding="UTF-8"?>
<!DOCTYPE html PUBLIC "-//W3C//DTD XHTML 1.0 Transitional//EN"
    "http://www.w3.org/TR/xhtml1/DTD/xhtml1-transitional.dtd">
<html xmlns="http://www.w3.org/1999/xhtml" xml:lang="en" lang="en">
 <head>
  <title>
</title>
<meta http-equiv="Content-Type" content="text/html;charset=utf-8" />
  <meta name='ocr-system' content='tesseract 3.04.00' />
  <meta name='ocr-capabilities' content='ocr_page ocr_carea ocr_par ocr_line ocrx_word'/>
</head>
<body>
  <div class='ocr_page' id='page_1' title='image "./operaomnia07paulgoog_0295.png"; bbox 0 0 3380 4919; ppageno 0'>
   <div class='ocr_carea' id='block_1_1' title="bbox 1103 329 2688 395">
    <p class='ocr_par' dir='ltr' id='par_1_1' title="bbox 1103 329 2688 395">
     <span class='ocr_line' id='line_1_1' title="bbox 1103 329 2688 395; baseline 0.008 -13"><span class='ocrx_word' id='word_1_1' title='bbox 1103 329 1181 382; x_wconf 88' lang='lat' dir='ltr'><strong>ad</strong></span> <span class='ocrx_word' id='word_1_2' title='bbox 1216 329 1576 383; x_wconf 87' lang='lat' dir='ltr'><strong>ecclesiam</strong></span> <span class='ocrx_word' id='word_1_3' title='bbox 1622 330 1680 384; x_wconf 93' lang='lat'><strong>11</strong></span> <span class='ocrx_word' id='word_1_4' title='bbox 1726 333 1755 393; x_wconf 68' lang='grc' dir='ltr'><strong>ἓ</strong></span> <span class='ocrx_word' id='word_1_5' title='bbox 1792 329 2014 384; x_wconf 85' lang='grc'><strong>33-39.</strong></span> <span class='ocrx_word' id='word_1_6' title='bbox 2563 330 2688 395; x_wconf 79' lang='grc'><strong>257</strong></span> 
     </span>
    </p>
   </div>
   <div class='ocr_carea' id='block_1_2' title="bbox 363 517 2795 3491">
    <p class='ocr_par' dir='ltr' id='par_1_2' title="bbox 387 517 2787 1428">
     <span class='ocr_line' id='line_1_2' title="bbox 519 517 2787 602; baseline 0 -17"><span class='ocrx_word' id='word_1_7' title='bbox 519 519 728 585; x_wconf 88' lang='lat' dir='ltr'><strong>VlIII.</strong></span> <span class='ocrx_word' id='word_1_8' title='bbox 792 519 1089 602; x_wconf 75' lang='lat' dir='ltr'><strong>Superest</strong></span> <span class='ocrx_word' id='word_1_9' title='bbox 1126 521 1201 585; x_wconf 89' lang='lat' dir='ltr'><strong>de</strong></span> <span class='ocrx_word' id='word_1_10' title='bbox 1231 518 1540 583; x_wconf 78' lang='lat' dir='ltr'>ministris</span> <span class='ocrx_word' id='word_1_11' title='bbox 1573 521 1638 583; x_wconf 90' lang='lat' dir='ltr'><strong>et</strong></span> <span class='ocrx_word' id='word_1_12' title='bbox 1670 517 2097 584; x_wconf 88' lang='lat' dir='ltr'><strong>sacerdotibus</strong></span> <span class='ocrx_word' id='word_1_13' title='bbox 2131 519 2431 600; x_wconf 85' lang='lat' dir='ltr'>quiddam</span> <span class='ocrx_word' id='word_1_14' title='bbox 2461 521 2685 599; x_wconf 87' lang='lat' dir='ltr'><strong>dicere,</strong></span> <span class='ocrx_word' id='word_1_15' title='bbox 2706 521 2787 587; x_wconf 82' lang='lat'><strong>37</strong></span> 
     </span>
     <span class='ocr_line' id='line_1_3' title="bbox 430 622 2687 705; baseline 0 -17"><span class='ocrx_word' id='word_1_16' title='bbox 430 624 582 688; x_wconf 90' lang='lat' dir='ltr'><strong>licet</strong></span> <span class='ocrx_word' id='word_1_17' title='bbox 642 622 946 704; x_wconf 81' lang='lat' dir='ltr'><strong>superflue</strong></span> <span class='ocrx_word' id='word_1_18' title='bbox 1003 622 1162 686; x_wconf 90' lang='lat' dir='ltr'><strong>forte</strong></span> <span class='ocrx_word' id='word_1_19' title='bbox 1221 622 1434 703; x_wconf 89' lang='lat' dir='ltr'><strong>aliqua</strong></span> <span class='ocrx_word' id='word_1_20' title='bbox 1490 622 1793 687; x_wconf 87' lang='lat' dir='ltr'><strong>dicantur.</strong></span> <span class='ocrx_word' id='word_1_21' title='bbox 1866 623 2163 705; x_wconf 90' lang='lat' dir='ltr'><strong>quidquid</strong></span> <span class='ocrx_word' id='word_1_22' title='bbox 2210 623 2380 686; x_wconf 90' lang='lat' dir='ltr'><strong>enim</strong></span> <span class='ocrx_word' id='word_1_23' title='bbox 2423 626 2499 688; x_wconf 89' lang='lat' dir='ltr'><strong>de</strong></span> <span class='ocrx_word' id='word_1_24' title='bbox 2544 622 2687 688; x_wconf 89' lang='lat' dir='ltr'><strong>aliis</strong></span> 
     </span>
     <span class='ocr_line' id='line_1_4' title="bbox 432 725 2688 810; baseline 0 -19"><span class='ocrx_word' id='word_1_25' title='bbox 432 726 722 791; x_wconf 90' lang='lat' dir='ltr'><strong>omnibus</strong></span> <span class='ocrx_word' id='word_1_26' title='bbox 767 725 1006 791; x_wconf 84' lang='lat' dir='ltr'><strong>dictum</strong></span> <span class='ocrx_word' id='word_1_27' title='bbox 1051 729 1166 804; x_wconf 87' lang='lat' dir='ltr'><strong>est,</strong></span> <span class='ocrx_word' id='word_1_28' title='bbox 1214 726 1416 808; x_wconf 86' lang='lat' dir='ltr'><strong>magis</strong></span> <span class='ocrx_word' id='word_1_29' title='bbox 1460 725 1689 807; x_wconf 82' lang='lat' dir='ltr'><strong>absque</strong></span> <span class='ocrx_word' id='word_1_30' title='bbox 1739 726 1925 790; x_wconf 90' lang='lat' dir='ltr'><strong>dubio</strong></span> <span class='ocrx_word' id='word_1_31' title='bbox 1971 725 2047 789; x_wconf 90' lang='lat' dir='ltr'><strong>ad</strong></span> <span class='ocrx_word' id='word_1_32' title='bbox 2097 743 2198 790; x_wconf 90' lang='lat' dir='ltr'><strong>eos</strong></span> <span class='ocrx_word' id='word_1_33' title='bbox 2244 726 2531 810; x_wconf 77' lang='lat' dir='ltr'><strong>pertinet,</strong></span> <span class='ocrx_word' id='word_1_34' title='bbox 2580 727 2688 809; x_wconf 91' lang='lat' dir='ltr'><strong>qui</strong></span> 
     </span>
     <span class='ocr_line' id='line_1_5' title="bbox 431 827 2686 910; baseline 0 -17"><span class='ocrx_word' id='word_1_35' title='bbox 431 829 710 910; x_wconf 86' lang='lat' dir='ltr'><strong>exemplo</strong></span> <span class='ocrx_word' id='word_1_36' title='bbox 771 848 904 893; x_wconf 89' lang='lat' dir='ltr'><strong>esse</strong></span> <span class='ocrx_word' id='word_1_37' title='bbox 965 831 1248 893; x_wconf 90' lang='lat' dir='ltr'><strong>omnibus</strong></span> <span class='ocrx_word' id='word_1_38' title='bbox 1310 829 1534 893; x_wconf 88' lang='lat' dir='ltr'><strong>debent</strong></span> <span class='ocrx_word' id='word_1_39' title='bbox 1580 832 1644 892; x_wconf 88' lang='lat' dir='ltr'><strong>et</strong></span> <span class='ocrx_word' id='word_1_40' title='bbox 1689 846 1840 909; x_wconf 91' lang='lat' dir='ltr'><strong>quos</strong></span> <span class='ocrx_word' id='word_1_41' title='bbox 1887 827 2102 910; x_wconf 90' lang='lat' dir='ltr'><strong>utique</strong></span> <span class='ocrx_word' id='word_1_42' title='bbox 2155 831 2333 894; x_wconf 89' lang='lat' dir='ltr'><strong>tanto</strong></span> <span class='ocrx_word' id='word_1_43' title='bbox 2379 830 2686 894; x_wconf 89' lang='lat' dir='ltr'><strong>antistare</strong></span> 
     </span>
     <span class='ocr_line' id='line_1_6' title="bbox 387 931 2683 1014; baseline 0 -18"><span class='ocrx_word' id='word_1_44' title='bbox 387 933 653 997; x_wconf 73' lang='lat' dir='ltr'><strong>sceteris</strong></span> <span class='ocrx_word' id='word_1_45' title='bbox 710 932 951 1014; x_wconf 77' lang='lat' dir='ltr'><strong>oportet</strong></span> <span class='ocrx_word' id='word_1_46' title='bbox 1011 932 1337 996; x_wconf 88' lang='lat' dir='ltr'><strong>deuotione</strong></span> <span class='ocrx_word' id='word_1_47' title='bbox 1382 933 1613 1014; x_wconf 89' lang='lat' dir='ltr'><strong>quanto</strong></span> <span class='ocrx_word' id='word_1_48' title='bbox 1660 931 1972 997; x_wconf 89' lang='lat' dir='ltr'><strong>antistant</strong></span> <span class='ocrx_word' id='word_1_49' title='bbox 2017 934 2306 996; x_wconf 91' lang='lat' dir='ltr'><strong>omnibus</strong></span> <span class='ocrx_word' id='word_1_50' title='bbox 2354 932 2683 1014; x_wconf 81' lang='lat' dir='ltr'><strong>dignitate.</strong></span> 
     </span>
     <span class='ocr_line' id='line_1_7' title="bbox 432 1034 2686 1118; baseline -0 -17"><span class='ocrx_word' id='word_1_51' title='bbox 432 1038 579 1118; x_wconf 90' lang='lat' dir='ltr'><strong>quid</strong></span> <span class='ocrx_word' id='word_1_52' title='bbox 638 1039 732 1101; x_wconf 88' lang='lat' dir='ltr'><strong>est</strong></span> <span class='ocrx_word' id='word_1_53' title='bbox 788 1036 955 1100; x_wconf 91' lang='lat' dir='ltr'><strong>enim</strong></span> <span class='ocrx_word' id='word_1_54' title='bbox 1011 1035 1181 1100; x_wconf 90' lang='lat' dir='ltr'><strong>aliud</strong></span> <span class='ocrx_word' id='word_1_55' title='bbox 1242 1034 1634 1117; x_wconf 79' lang='lat' dir='ltr'><strong>principatus</strong></span> <span class='ocrx_word' id='word_1_56' title='bbox 1694 1036 1825 1098; x_wconf 90' lang='lat' dir='ltr'><strong>sine</strong></span> <span class='ocrx_word' id='word_1_57' title='bbox 1883 1036 2253 1100; x_wconf 89' lang='lat' dir='ltr'><strong>meritorum</strong></span> <span class='ocrx_word' id='word_1_58' title='bbox 2297 1035 2686 1101; x_wconf 83' lang='lat' dir='ltr'><strong>sublimitate</strong></span> 
     </span>
     <span class='ocr_line' id='line_1_8' title="bbox 431 1138 2685 1221; baseline 0 -19"><span class='ocrx_word' id='word_1_59' title='bbox 431 1139 551 1203; x_wconf 89' lang='lat' dir='ltr'><strong>nisi</strong></span> <span class='ocrx_word' id='word_1_60' title='bbox 596 1140 843 1204; x_wconf 89' lang='lat' dir='ltr'><strong>honoris</strong></span> <span class='ocrx_word' id='word_1_61' title='bbox 889 1138 1115 1203; x_wconf 89' lang='lat' dir='ltr'><strong>titulus</strong></span> <span class='ocrx_word' id='word_1_62' title='bbox 1162 1138 1296 1202; x_wconf 90' lang='lat' dir='ltr'><strong>sine</strong></span> <span class='ocrx_word' id='word_1_63' title='bbox 1341 1140 1609 1217; x_wconf 89' lang='lat' dir='ltr'><strong>nomine,</strong></span> <span class='ocrx_word' id='word_1_64' title='bbox 1661 1142 1771 1202; x_wconf 89' lang='lat' dir='ltr'><strong>aut</strong></span> <span class='ocrx_word' id='word_1_65' title='bbox 1820 1138 1967 1220; x_wconf 90' lang='lat' dir='ltr'><strong>quid</strong></span> <span class='ocrx_word' id='word_1_66' title='bbox 2016 1142 2112 1202; x_wconf 91' lang='lat' dir='ltr'><strong>est</strong></span> <span class='ocrx_word' id='word_1_67' title='bbox 2158 1139 2432 1221; x_wconf 86' lang='lat' dir='ltr'><strong>dignitas</strong></span> <span class='ocrx_word' id='word_1_68' title='bbox 2477 1140 2544 1203; x_wconf 90' lang='lat' dir='ltr'><strong>in</strong></span> <span class='ocrx_word' id='word_1_69' title='bbox 2586 1140 2685 1203; x_wconf 92' lang='lat' dir='ltr'><strong>in-</strong></span> 
     </span>
     <span class='ocr_line' id='line_1_9' title="bbox 431 1241 2689 1325; baseline -0 -17"><span class='ocrx_word' id='word_1_70' title='bbox 431 1244 618 1324; x_wconf 88' lang='lat' dir='ltr'><strong>digno</strong></span> <span class='ocrx_word' id='word_1_71' title='bbox 678 1242 801 1307; x_wconf 87' lang='lat' dir='ltr'><strong>nisi</strong></span> <span class='ocrx_word' id='word_1_72' title='bbox 861 1242 1290 1307; x_wconf 84' lang='lat' dir='ltr'><strong>ornamentum</strong></span> <span class='ocrx_word' id='word_1_73' title='bbox 1350 1242 1418 1305; x_wconf 92' lang='lat' dir='ltr'><strong>in</strong></span> <span class='ocrx_word' id='word_1_74' title='bbox 1479 1241 1660 1306; x_wconf 81' lang='lat' dir='ltr'><strong>luto?</strong></span> <span class='ocrx_word' id='word_1_75' title='bbox 1733 1242 1798 1305; x_wconf 91' lang='lat' dir='ltr'><strong>et</strong></span> <span class='ocrx_word' id='word_1_76' title='bbox 1850 1242 1984 1307; x_wconf 91' lang='lat' dir='ltr'><strong>ideo</strong></span> <span class='ocrx_word' id='word_1_77' title='bbox 2032 1247 2305 1320; x_wconf 85' lang='lat' dir='ltr'><strong>cunctos,</strong></span> <span class='ocrx_word' id='word_1_78' title='bbox 2377 1244 2484 1325; x_wconf 90' lang='lat' dir='ltr'><strong>qui</strong></span> <span class='ocrx_word' id='word_1_79' title='bbox 2528 1244 2689 1307; x_wconf 87' lang='lat' dir='ltr'><strong>sacri</strong></span> 
     </span>
     <span class='ocr_line' id='line_1_10' title="bbox 432 1343 2687 1428; baseline 0 -18"><span class='ocrx_word' id='word_1_80' title='bbox 432 1346 650 1411; x_wconf 88' lang='lat' dir='ltr'><strong>altaris</strong></span> <span class='ocrx_word' id='word_1_81' title='bbox 717 1349 1020 1428; x_wconf 90' lang='lat' dir='ltr'><strong>suggestu</strong></span> <span class='ocrx_word' id='word_1_82' title='bbox 1087 1343 1393 1424; x_wconf 85' lang='lat' dir='ltr'><strong>eminent,</strong></span> <span class='ocrx_word' id='word_1_83' title='bbox 1466 1346 1715 1407; x_wconf 87' lang='lat' dir='ltr'><strong>tantum</strong></span> <span class='ocrx_word' id='word_1_84' title='bbox 1787 1344 2087 1408; x_wconf 85' lang='lat' dir='ltr'><strong>excellere</strong></span> <span class='ocrx_word' id='word_1_85' title='bbox 2158 1345 2397 1426; x_wconf 87' lang='lat' dir='ltr'><strong>oportet</strong></span> <span class='ocrx_word' id='word_1_86' title='bbox 2466 1346 2687 1410; x_wconf 91' lang='lat' dir='ltr'><strong>merito</strong></span> 
     </span>
    </p>

    <p class='ocr_par' dir='ltr' id='par_1_3' title="bbox 363 1445 2792 2458">
     <span class='ocr_line' id='line_1_11' title="bbox 363 1445 2792 1530; baseline 0.002 -20"><span class='ocrx_word' id='word_1_87' title='bbox 363 1473 416 1511; x_wconf 80' lang='grc' dir='ltr'><strong>ιο</strong></span> <span class='ocrx_word' id='word_1_88' title='bbox 433 1452 734 1530; x_wconf 89' lang='lat' dir='ltr'><strong>quantum</strong></span> <span class='ocrx_word' id='word_1_89' title='bbox 780 1448 996 1530; x_wconf 88' lang='lat' dir='ltr'><strong>gradu.</strong></span> <span class='ocrx_word' id='word_1_90' title='bbox 1071 1447 1126 1510; x_wconf 87' lang='lat' dir='ltr'><strong>si</strong></span> <span class='ocrx_word' id='word_1_91' title='bbox 1175 1447 1341 1511; x_wconf 89' lang='lat' dir='ltr'><strong>enim</strong></span> <span class='ocrx_word' id='word_1_92' title='bbox 1389 1445 1546 1509; x_wconf 91' lang='lat' dir='ltr'><strong>uiris</strong></span> <span class='ocrx_word' id='word_1_93' title='bbox 1591 1447 1657 1508; x_wconf 91' lang='lat' dir='ltr'><strong>in</strong></span> <span class='ocrx_word' id='word_1_94' title='bbox 1705 1445 1885 1528; x_wconf 86' lang='lat' dir='ltr'><strong>plebe</strong></span> <span class='ocrx_word' id='word_1_95' title='bbox 1930 1446 2151 1526; x_wconf 89' lang='lat' dir='ltr'><strong>positis</strong></span> <span class='ocrx_word' id='word_1_96' title='bbox 2198 1451 2261 1511; x_wconf 87' lang='lat' dir='ltr'><strong>et</strong></span> <span class='ocrx_word' id='word_1_97' title='bbox 2305 1447 2689 1514; x_wconf 85' lang='lat' dir='ltr'><strong>mulierculis</strong></span> <span class='ocrx_word' id='word_1_98' title='bbox 2709 1450 2792 1515; x_wconf 88' lang='lat'><strong>38</strong></span> 
     </span>
     <span class='ocr_line' id='line_1_12' title="bbox 432 1549 2690 1633; baseline 0.001 -18"><span class='ocrx_word' id='word_1_99' title='bbox 432 1552 565 1633; x_wconf 88' lang='lat' dir='ltr'><strong>ipso</strong></span> <span class='ocrx_word' id='word_1_100' title='bbox 611 1569 759 1614; x_wconf 87' lang='lat' dir='ltr'><strong>sexu</strong></span> <span class='ocrx_word' id='word_1_101' title='bbox 802 1550 1242 1616; x_wconf 88' lang='lat' dir='ltr'><strong>infirmioribus</strong></span> <span class='ocrx_word' id='word_1_102' title='bbox 1298 1549 1488 1616; x_wconf 87' lang='lat' dir='ltr'><strong>talem</strong></span> <span class='ocrx_word' id='word_1_103' title='bbox 1538 1569 1609 1614; x_wconf 88' lang='lat' dir='ltr'><strong>ac</strong></span> <span class='ocrx_word' id='word_1_104' title='bbox 1661 1553 1796 1614; x_wconf 87' lang='lat' dir='ltr'><strong>tam</strong></span> <span class='ocrx_word' id='word_1_105' title='bbox 1840 1550 2188 1633; x_wconf 81' lang='lat' dir='ltr'><strong>perfectam</strong></span> <span class='ocrx_word' id='word_1_106' title='bbox 2234 1554 2384 1616; x_wconf 89' lang='lat' dir='ltr'><strong>deus</strong></span> <span class='ocrx_word' id='word_1_107' title='bbox 2431 1554 2690 1617; x_wconf 91' lang='lat' dir='ltr'><strong>uiuendi</strong></span> 
     </span>
     <span class='ocr_line' id='line_1_13' title="bbox 433 1654 2692 1738; baseline 0 -19"><span class='ocrx_word' id='word_1_108' title='bbox 433 1656 714 1738; x_wconf 89' lang='lat' dir='ltr'><strong>regulam</strong></span> <span class='ocrx_word' id='word_1_109' title='bbox 772 1655 961 1733; x_wconf 81' lang='lat' dir='ltr'><strong>dedit,</strong></span> <span class='ocrx_word' id='word_1_110' title='bbox 1020 1657 1251 1736; x_wconf 89' lang='lat' dir='ltr'><strong>quanto</strong></span> <span class='ocrx_word' id='word_1_111' title='bbox 1308 1656 1524 1736; x_wconf 90' lang='lat' dir='ltr'><strong>utique</strong></span> <span class='ocrx_word' id='word_1_112' title='bbox 1579 1672 1712 1718; x_wconf 91' lang='lat' dir='ltr'><strong>esse</strong></span> <span class='ocrx_word' id='word_1_113' title='bbox 1769 1654 1910 1718; x_wconf 92' lang='lat' dir='ltr'><strong>illos</strong></span> <span class='ocrx_word' id='word_1_114' title='bbox 1968 1654 2369 1736; x_wconf 84' lang='lat' dir='ltr'><strong>perfectiores</strong></span> <span class='ocrx_word' id='word_1_115' title='bbox 2415 1657 2608 1731; x_wconf 89' lang='lat' dir='ltr'><strong>iubet,</strong></span> <span class='ocrx_word' id='word_1_116' title='bbox 2655 1674 2692 1719; x_wconf 92' lang='lat' dir='ltr'><strong>a</strong></span> 
     </span>
     <span class='ocr_line' id='line_1_14' title="bbox 434 1757 2690 1841; baseline 0.001 -20"><span class='ocrx_word' id='word_1_117' title='bbox 434 1757 657 1840; x_wconf 91' lang='lat' dir='ltr'><strong>quibus</strong></span> <span class='ocrx_word' id='word_1_118' title='bbox 719 1776 929 1822; x_wconf 88' lang='lat' dir='ltr'><strong>omnes</strong></span> <span class='ocrx_word' id='word_1_119' title='bbox 975 1758 1233 1823; x_wconf 90' lang='lat' dir='ltr'><strong>docendi</strong></span> <span class='ocrx_word' id='word_1_120' title='bbox 1279 1761 1445 1834; x_wconf 89' lang='lat' dir='ltr'><strong>sunt,</strong></span> <span class='ocrx_word' id='word_1_121' title='bbox 1510 1761 1582 1820; x_wconf 90' lang='lat' dir='ltr'><strong>ut</strong></span> <span class='ocrx_word' id='word_1_122' title='bbox 1627 1757 1868 1839; x_wconf 88' lang='lat' dir='ltr'><strong>possint</strong></span> <span class='ocrx_word' id='word_1_123' title='bbox 1914 1775 2049 1820; x_wconf 89' lang='lat' dir='ltr'><strong>esse</strong></span> <span class='ocrx_word' id='word_1_124' title='bbox 2096 1758 2378 1838; x_wconf 89' lang='lat' dir='ltr'><strong>perfecti,</strong></span> <span class='ocrx_word' id='word_1_125' title='bbox 2427 1761 2493 1823; x_wconf 90' lang='lat' dir='ltr'><strong>et</strong></span> <span class='ocrx_word' id='word_1_126' title='bbox 2539 1777 2690 1841; x_wconf 91' lang='lat' dir='ltr'><strong>quos</strong></span> 
     </span>
     <span class='ocr_line' id='line_1_15' title="bbox 435 1860 2687 1944; baseline 0.001 -19"><span class='ocrx_word' id='word_1_127' title='bbox 435 1863 570 1926; x_wconf 88' lang='lat' dir='ltr'><strong>tam</strong></span> <span class='ocrx_word' id='word_1_128' title='bbox 627 1862 841 1944; x_wconf 89' lang='lat' dir='ltr'><strong>magni</strong></span> <span class='ocrx_word' id='word_1_129' title='bbox 898 1879 1032 1925; x_wconf 91' lang='lat' dir='ltr'><strong>esse</strong></span> <span class='ocrx_word' id='word_1_130' title='bbox 1089 1860 1356 1944; x_wconf 84' lang='lat' dir='ltr'><strong>exempli</strong></span> <span class='ocrx_word' id='word_1_131' title='bbox 1412 1862 1478 1924; x_wconf 90' lang='lat' dir='ltr'><strong>in</strong></span> <span class='ocrx_word' id='word_1_132' title='bbox 1523 1860 1814 1926; x_wconf 91' lang='lat' dir='ltr'><strong>omnibus</strong></span> <span class='ocrx_word' id='word_1_133' title='bbox 1862 1861 2012 1924; x_wconf 91' lang='lat' dir='ltr'><strong>deus</strong></span> <span class='ocrx_word' id='word_1_134' title='bbox 2059 1861 2282 1940; x_wconf 91' lang='lat' dir='ltr'><strong>uoluit,</strong></span> <span class='ocrx_word' id='word_1_135' title='bbox 2341 1862 2414 1926; x_wconf 94' lang='lat' dir='ltr'><strong>ut</strong></span> <span class='ocrx_word' id='word_1_136' title='bbox 2460 1880 2562 1927; x_wconf 89' lang='lat' dir='ltr'><strong>eos</strong></span> <span class='ocrx_word' id='word_1_137' title='bbox 2609 1862 2687 1927; x_wconf 89' lang='lat' dir='ltr'><strong>ad</strong></span> 
     </span>
     <span class='ocr_line' id='line_1_16' title="bbox 366 1963 2689 2048; baseline 0.001 -21"><span class='ocrx_word' id='word_1_138' title='bbox 366 1987 417 2028; x_wconf 87' lang='lat'><strong>15</strong></span> <span class='ocrx_word' id='word_1_139' title='bbox 435 1966 812 2048; x_wconf 87' lang='lat' dir='ltr'><strong>singularem</strong></span> <span class='ocrx_word' id='word_1_140' title='bbox 881 1963 1134 2030; x_wconf 91' lang='lat' dir='ltr'><strong>uiuendi</strong></span> <span class='ocrx_word' id='word_1_141' title='bbox 1200 1982 1478 2028; x_wconf 89' lang='lat' dir='ltr'><strong>normam</strong></span> <span class='ocrx_word' id='word_1_142' title='bbox 1551 1981 1676 2028; x_wconf 92' lang='lat' dir='ltr'><strong>non</strong></span> <span class='ocrx_word' id='word_1_143' title='bbox 1746 1979 1941 2027; x_wconf 90' lang='lat' dir='ltr'><strong>nouae</strong></span> <span class='ocrx_word' id='word_1_144' title='bbox 2010 1964 2260 2028; x_wconf 88' lang='lat' dir='ltr'><strong>tantum</strong></span> <span class='ocrx_word' id='word_1_145' title='bbox 2326 1965 2432 2028; x_wconf 91' lang='lat' dir='ltr'><strong>sed</strong></span> <span class='ocrx_word' id='word_1_146' title='bbox 2497 1965 2689 2030; x_wconf 91' lang='lat' dir='ltr'><strong>etiam</strong></span> 
     </span>
     <span class='ocr_line' id='line_1_17' title="bbox 434 2066 2689 2149; baseline 0 -17"><span class='ocrx_word' id='word_1_147' title='bbox 434 2069 725 2149; x_wconf 89' lang='lat' dir='ltr'><strong>antiquae</strong></span> <span class='ocrx_word' id='word_1_148' title='bbox 788 2067 944 2148; x_wconf 90' lang='lat' dir='ltr'><strong>legis</strong></span> <span class='ocrx_word' id='word_1_149' title='bbox 1001 2067 1335 2131; x_wconf 91' lang='lat' dir='ltr'><strong>seueritate</strong></span> <span class='ocrx_word' id='word_1_150' title='bbox 1392 2066 1896 2148; x_wconf 79' lang='lat' dir='ltr'><strong>constringeret?</strong></span> <span class='ocrx_word' id='word_1_151' title='bbox 1964 2085 2111 2131; x_wconf 90' lang='lat' dir='ltr'><strong>nam</strong></span> <span class='ocrx_word' id='word_1_152' title='bbox 2171 2067 2321 2131; x_wconf 91' lang='lat' dir='ltr'><strong>licet</strong></span> <span class='ocrx_word' id='word_1_153' title='bbox 2366 2068 2689 2133; x_wconf 89' lang='lat' dir='ltr'><strong>decretum</strong></span> 
     </span>
     <span class='ocr_line' id='line_1_18' title="bbox 433 2169 2687 2252; baseline 0.001 -20"><span class='ocrx_word' id='word_1_154' title='bbox 433 2173 616 2234; x_wconf 91' lang='lat' dir='ltr'><strong>uetus</strong></span> <span class='ocrx_word' id='word_1_155' title='bbox 661 2170 907 2252; x_wconf 88' lang='lat' dir='ltr'><strong>largam</strong></span> <span class='ocrx_word' id='word_1_156' title='bbox 952 2171 1188 2233; x_wconf 89' lang='lat' dir='ltr'><strong>cunctis</strong></span> <span class='ocrx_word' id='word_1_157' title='bbox 1234 2169 1734 2250; x_wconf 88' lang='lat' dir='ltr'><strong>ampliandarum</strong></span> <span class='ocrx_word' id='word_1_158' title='bbox 1780 2187 1968 2251; x_wconf 90' lang='lat' dir='ltr'><strong>opum</strong></span> <span class='ocrx_word' id='word_1_159' title='bbox 2006 2169 2250 2234; x_wconf 90' lang='lat' dir='ltr'><strong>dederit</strong></span> <span class='ocrx_word' id='word_1_160' title='bbox 2295 2171 2687 2249; x_wconf 87' lang='lat' dir='ltr'><strong>facultatem,</strong></span> 
     </span>
     <span class='ocr_line' id='line_1_19' title="bbox 433 2271 2687 2339; baseline -0 0"><span class='ocrx_word' id='word_1_161' title='bbox 433 2291 644 2339; x_wconf 89' lang='lat' dir='ltr'><strong>omnes</strong></span> <span class='ocrx_word' id='word_1_162' title='bbox 719 2276 928 2337; x_wconf 91' lang='lat' dir='ltr'><strong>tamen</strong></span> <span class='ocrx_word' id='word_1_163' title='bbox 1004 2271 1224 2336; x_wconf 89' lang='lat' dir='ltr'><strong>leuitas</strong></span> <span class='ocrx_word' id='word_1_164' title='bbox 1298 2275 1362 2336; x_wconf 89' lang='lat' dir='ltr'><strong>et</strong></span> <span class='ocrx_word' id='word_1_165' title='bbox 1435 2271 1781 2336; x_wconf 88' lang='lat' dir='ltr'><strong>sacerdotes</strong></span> <span class='ocrx_word' id='word_1_166' title='bbox 1858 2273 2030 2335; x_wconf 88' lang='lat' dir='ltr'><strong>intra</strong></span> <span class='ocrx_word' id='word_1_167' title='bbox 2105 2275 2345 2337; x_wconf 89' lang='lat' dir='ltr'><strong>certum</strong></span> <span class='ocrx_word' id='word_1_168' title='bbox 2418 2274 2687 2338; x_wconf 86' lang='lat' dir='ltr'><strong>habendi</strong></span> 
     </span>
     <span class='ocr_line' id='line_1_20' title="bbox 433 2373 2689 2458; baseline 0 -18"><span class='ocrx_word' id='word_1_169' title='bbox 433 2375 706 2441; x_wconf 89' lang='lat' dir='ltr'><strong>limitem</strong></span> <span class='ocrx_word' id='word_1_170' title='bbox 755 2373 1083 2451; x_wconf 85' lang='lat' dir='ltr'><strong>coartauit‚</strong></span> <span class='ocrx_word' id='word_1_171' title='bbox 1146 2391 1297 2455; x_wconf 87' lang='lat' dir='ltr'><strong>quos</strong></span> <span class='ocrx_word' id='word_1_172' title='bbox 1345 2373 1590 2439; x_wconf 88' lang='lat' dir='ltr'><strong>scilicet</strong></span> <span class='ocrx_word' id='word_1_173' title='bbox 1633 2392 1831 2455; x_wconf 90' lang='lat' dir='ltr'><strong>neque</strong></span> <span class='ocrx_word' id='word_1_174' title='bbox 1876 2375 2152 2458; x_wconf 88' lang='lat' dir='ltr'><strong>segetem</strong></span> <span class='ocrx_word' id='word_1_175' title='bbox 2197 2394 2393 2457; x_wconf 91' lang='lat' dir='ltr'><strong>neque</strong></span> <span class='ocrx_word' id='word_1_176' title='bbox 2441 2375 2689 2442; x_wconf 89' lang='lat' dir='ltr'><strong>uineam</strong></span> 
     </span>
    </p>

    <p class='ocr_par' dir='ltr' id='par_1_4' title="bbox 363 2478 2795 3491">
     <span class='ocr_line' id='line_1_21' title="bbox 363 2478 2795 2562; baseline 0.002 -23"><span class='ocrx_word' id='word_1_177' title='bbox 363 2500 417 2541; x_wconf 81' lang='lat'><strong>20</strong></span> <span class='ocrx_word' id='word_1_178' title='bbox 434 2498 631 2561; x_wconf 90' lang='lat' dir='ltr'><strong>neque</strong></span> <span class='ocrx_word' id='word_1_179' title='bbox 698 2479 903 2544; x_wconf 91' lang='lat' dir='ltr'><strong>ullum</strong></span> <span class='ocrx_word' id='word_1_180' title='bbox 968 2480 1218 2542; x_wconf 91' lang='lat' dir='ltr'><strong>omnino</strong></span> <span class='ocrx_word' id='word_1_181' title='bbox 1287 2478 1551 2542; x_wconf 89' lang='lat' dir='ltr'><strong>fundum</strong></span> <span class='ocrx_word' id='word_1_182' title='bbox 1619 2479 1847 2543; x_wconf 89' lang='lat' dir='ltr'><strong>habere</strong></span> <span class='ocrx_word' id='word_1_183' title='bbox 1912 2480 2219 2561; x_wconf 88' lang='lat' dir='ltr'><strong>permisit.</strong></span> <span class='ocrx_word' id='word_1_184' title='bbox 2297 2499 2370 2544; x_wconf 86' lang='lat' dir='ltr'><strong>ex</strong></span> <span class='ocrx_word' id='word_1_185' title='bbox 2422 2499 2541 2562; x_wconf 90' lang='lat' dir='ltr'><strong>quo</strong></span> <span class='ocrx_word' id='word_1_186' title='bbox 2587 2482 2686 2544; x_wconf 87' lang='lat' dir='ltr'><strong>in·</strong></span> <span class='ocrx_word' id='word_1_187' title='bbox 2710 2488 2795 2555; x_wconf 86' lang='lat'><strong>39</strong></span> 
     </span>
     <span class='ocr_line' id='line_1_22' title="bbox 434 2580 2685 2667; baseline -0 -20"><span class='ocrx_word' id='word_1_188' title='bbox 434 2583 652 2667; x_wconf 85' lang='lat' dir='ltr'><strong>tellegi</strong></span> <span class='ocrx_word' id='word_1_189' title='bbox 710 2585 935 2664; x_wconf 88' lang='lat' dir='ltr'><strong>potest,</strong></span> <span class='ocrx_word' id='word_1_190' title='bbox 1001 2600 1080 2645; x_wconf 89' lang='lat' dir='ltr'><strong>an</strong></span> <span class='ocrx_word' id='word_1_191' title='bbox 1125 2598 1196 2643; x_wconf 89' lang='lat' dir='ltr'><strong>ea</strong></span> <span class='ocrx_word' id='word_1_192' title='bbox 1240 2598 1406 2645; x_wconf 90' lang='lat' dir='ltr'><strong>nunc</strong></span> <span class='ocrx_word' id='word_1_193' title='bbox 1449 2581 1598 2645; x_wconf 89' lang='lat' dir='ltr'><strong>deus</strong></span> <span class='ocrx_word' id='word_1_194' title='bbox 1642 2582 1853 2646; x_wconf 91' lang='lat' dir='ltr'><strong>noster</strong></span> <span class='ocrx_word' id='word_1_195' title='bbox 1900 2581 2056 2645; x_wconf 90' lang='lat' dir='ltr'><strong>uelit</strong></span> <span class='ocrx_word' id='word_1_196' title='bbox 2102 2580 2168 2646; x_wconf 92' lang='lat' dir='ltr'><strong>in</strong></span> <span class='ocrx_word' id='word_1_197' title='bbox 2216 2584 2543 2664; x_wconf 86' lang='lat' dir='ltr'><strong>euangelio</strong></span> <span class='ocrx_word' id='word_1_198' title='bbox 2587 2583 2685 2647; x_wconf 93' lang='lat' dir='ltr'><strong>ui-</strong></span> 
     </span>
     <span class='ocr_line' id='line_1_23' title="bbox 434 2684 2688 2767; baseline -0 -16"><span class='ocrx_word' id='word_1_199' title='bbox 434 2688 649 2751; x_wconf 88' lang='lat' dir='ltr'><strong>uentes</strong></span> <span class='ocrx_word' id='word_1_200' title='bbox 696 2685 954 2750; x_wconf 89' lang='lat' dir='ltr'><strong>clericos</strong></span> <span class='ocrx_word' id='word_1_201' title='bbox 1000 2701 1143 2748; x_wconf 93' lang='lat' dir='ltr'><strong>suos</strong></span> <span class='ocrx_word' id='word_1_202' title='bbox 1189 2684 1520 2749; x_wconf 87' lang='lat' dir='ltr'><strong>mundanis</strong></span> <span class='ocrx_word' id='word_1_203' title='bbox 1564 2687 1704 2765; x_wconf 91' lang='lat' dir='ltr'><strong>post</strong></span> <span class='ocrx_word' id='word_1_204' title='bbox 1749 2704 1817 2748; x_wconf 90' lang='lat' dir='ltr'><strong>se</strong></span> <span class='ocrx_word' id='word_1_205' title='bbox 1863 2684 2193 2749; x_wconf 87' lang='lat' dir='ltr'><strong>heredibus</strong></span> <span class='ocrx_word' id='word_1_206' title='bbox 2239 2685 2688 2767; x_wconf 88' lang='lat' dir='ltr'><strong>derelinquere,</strong></span> 
     </span>
     <span class='ocr_line' id='line_1_24' title="bbox 436 2787 2687 2872; baseline 0.002 -21"><span class='ocrx_word' id='word_1_207' title='bbox 436 2807 593 2870; x_wconf 90' lang='lat' dir='ltr'><strong>quae</strong></span> <span class='ocrx_word' id='word_1_208' title='bbox 640 2789 845 2853; x_wconf 89' lang='lat' dir='ltr'><strong>adhuc</strong></span> <span class='ocrx_word' id='word_1_209' title='bbox 900 2789 965 2852; x_wconf 91' lang='lat' dir='ltr'><strong>in</strong></span> <span class='ocrx_word' id='word_1_210' title='bbox 1010 2788 1148 2872; x_wconf 91' lang='lat' dir='ltr'><strong>lege</strong></span> <span class='ocrx_word' id='word_1_211' title='bbox 1192 2787 1424 2869; x_wconf 90' lang='lat' dir='ltr'><strong>positos</strong></span> <span class='ocrx_word' id='word_1_212' title='bbox 1471 2805 1548 2851; x_wconf 89' lang='lat' dir='ltr'><strong>ne</strong></span> <span class='ocrx_word' id='word_1_213' title='bbox 1591 2788 1759 2869; x_wconf 88' lang='lat' dir='ltr'><strong>ipsos</strong></span> <span class='ocrx_word' id='word_1_214' title='bbox 1804 2787 2058 2870; x_wconf 87' lang='lat' dir='ltr'><strong>quidem</strong></span> <span class='ocrx_word' id='word_1_215' title='bbox 2104 2788 2307 2853; x_wconf 90' lang='lat' dir='ltr'><strong>uoluit</strong></span> <span class='ocrx_word' id='word_1_216' title='bbox 2353 2791 2687 2869; x_wconf 88' lang='lat' dir='ltr'><strong>possidere.</strong></span> 
     </span>
     <span class='ocr_line' id='line_1_25' title="bbox 435 2890 2685 2975; baseline 0 -20"><span class='ocrx_word' id='word_1_217' title='bbox 435 2893 596 2956; x_wconf 90' lang='lat' dir='ltr'><strong>unde</strong></span> <span class='ocrx_word' id='word_1_218' title='bbox 657 2894 754 2957; x_wconf 89' lang='lat' dir='ltr'><strong>est</strong></span> <span class='ocrx_word' id='word_1_219' title='bbox 812 2891 976 2975; x_wconf 91' lang='lat' dir='ltr'><strong>quod</strong></span> <span class='ocrx_word' id='word_1_220' title='bbox 1031 2890 1120 2954; x_wconf 91' lang='lat' dir='ltr'><strong>eis</strong></span> <span class='ocrx_word' id='word_1_221' title='bbox 1181 2893 1455 2955; x_wconf 86' lang='lat' dir='ltr'><strong>saluator</strong></span> <span class='ocrx_word' id='word_1_222' title='bbox 1514 2890 1649 2972; x_wconf 91' lang='lat' dir='ltr'><strong>ipse</strong></span> <span class='ocrx_word' id='word_1_223' title='bbox 1703 2892 1767 2955; x_wconf 92' lang='lat' dir='ltr'><strong>in</strong></span> <span class='ocrx_word' id='word_1_224' title='bbox 1813 2891 2136 2972; x_wconf 90' lang='lat' dir='ltr'><strong>euangelio</strong></span> <span class='ocrx_word' id='word_1_225' title='bbox 2181 2910 2303 2956; x_wconf 89' lang='lat' dir='ltr'><strong>non</strong></span> <span class='ocrx_word' id='word_1_226' title='bbox 2347 2894 2419 2956; x_wconf 89' lang='lat' dir='ltr'><strong>ut</strong></span> <span class='ocrx_word' id='word_1_227' title='bbox 2464 2893 2685 2957; x_wconf 90' lang='lat' dir='ltr'><strong>ceteris</strong></span> 
     </span>
     <span class='ocr_line' id='line_1_26' title="bbox 363 2994 2685 3076; baseline 0.001 -18"><span class='ocrx_word' id='word_1_228' title='bbox 363 3019 417 3059; x_wconf 74' lang='lat'><strong>25</strong></span> <span class='ocrx_word' id='word_1_229' title='bbox 435 2995 863 3060; x_wconf 88' lang='lat' dir='ltr'><strong>uoluntarium</strong></span> <span class='ocrx_word' id='word_1_230' title='bbox 931 2996 1038 3059; x_wconf 91' lang='lat' dir='ltr'><strong>sed</strong></span> <span class='ocrx_word' id='word_1_231' title='bbox 1112 2995 1557 3076; x_wconf 89' lang='lat' dir='ltr'><strong>imperatiuum</strong></span> <span class='ocrx_word' id='word_1_232' title='bbox 1625 2994 1903 3059; x_wconf 88' lang='lat' dir='ltr'><strong>officium</strong></span> <span class='ocrx_word' id='word_1_233' title='bbox 1977 2994 2376 3076; x_wconf 84' lang='lat' dir='ltr'><strong>perfectionis</strong></span> <span class='ocrx_word' id='word_1_234' title='bbox 2445 2995 2685 3060; x_wconf 88' lang='lat' dir='ltr'><strong>indicit.</strong></span> 
     </span>
     <span class='ocr_line' id='line_1_27' title="bbox 438 3097 2692 3181; baseline 0 -19"><span class='ocrx_word' id='word_1_235' title='bbox 438 3098 586 3181; x_wconf 90' lang='lat' dir='ltr'><strong>quid</strong></span> <span class='ocrx_word' id='word_1_236' title='bbox 631 3100 799 3163; x_wconf 92' lang='lat' dir='ltr'><strong>enim</strong></span> <span class='ocrx_word' id='word_1_237' title='bbox 847 3117 986 3162; x_wconf 90' lang='lat' dir='ltr'><strong>eum</strong></span> <span class='ocrx_word' id='word_1_238' title='bbox 1032 3098 1190 3163; x_wconf 88' lang='lat' dir='ltr'><strong>laico</strong></span> <span class='ocrx_word' id='word_1_239' title='bbox 1237 3099 1330 3163; x_wconf 88' lang='lat' dir='ltr'><strong>illi</strong></span> <span class='ocrx_word' id='word_1_240' title='bbox 1377 3098 1762 3163; x_wconf 88' lang='lat' dir='ltr'><strong>adulescenti</strong></span> <span class='ocrx_word' id='word_1_241' title='bbox 1806 3098 2037 3162; x_wconf 84' lang='lat' dir='ltr'><strong>dixisse</strong></span> <span class='ocrx_word' id='word_1_242' title='bbox 2082 3097 2400 3179; x_wconf 78' lang='lat' dir='ltr'><strong>legimus?</strong></span> <span class='ocrx_word' id='word_1_243' title='bbox 2458 3100 2523 3163; x_wconf 95' lang='lat' dir='ltr'><strong>si</strong></span> <span class='ocrx_word' id='word_1_244' title='bbox 2569 3098 2692 3164; x_wconf 91' lang='lat' dir='ltr'><strong>uis</strong></span> 
     </span>
     <span class='ocr_line' id='line_1_28' title="bbox 436 3201 2691 3285; baseline 0 -20"><span class='ocrx_word' id='word_1_245' title='bbox 436 3219 604 3268; x_wconf 90' lang='lat' dir='ltr'><strong>esse</strong></span> <span class='ocrx_word' id='word_1_246' title='bbox 648 3201 1086 3285; x_wconf 84' lang='lat' dir='ltr'><strong>perfectus,</strong></span> <span class='ocrx_word' id='word_1_247' title='bbox 1134 3202 1383 3266; x_wconf 89' lang='lat' dir='ltr'><strong>uende</strong></span> <span class='ocrx_word' id='word_1_248' title='bbox 1429 3219 1620 3283; x_wconf 87' lang='lat' dir='ltr'><strong>quae</strong></span> <span class='ocrx_word' id='word_1_249' title='bbox 1665 3201 1899 3266; x_wconf 89' lang='lat' dir='ltr'><strong>habes</strong></span> <span class='ocrx_word' id='word_1_250' title='bbox 1946 3201 2020 3263; x_wconf 89' lang='lat' dir='ltr'><strong>et</strong></span> <span class='ocrx_word' id='word_1_251' title='bbox 2050 3203 2139 3266; x_wconf 88' lang='lat' dir='ltr'><strong>da</strong></span> <span class='ocrx_word' id='word_1_252' title='bbox 2186 3202 2691 3284; x_wconf 75' lang='lat' dir='ltr'><strong>pauperibusz</strong></span> 
     </span>
     <span class='ocr_line' id='line_1_29' title="bbox 436 3303 2689 3387; baseline 0 -19"><span class='ocrx_word' id='word_1_253' title='bbox 436 3306 583 3387; x_wconf 89' lang='lat' dir='ltr'><strong>quid</strong></span> <span class='ocrx_word' id='word_1_254' title='bbox 630 3306 842 3370; x_wconf 88' lang='lat' dir='ltr'><strong>autem</strong></span> <span class='ocrx_word' id='word_1_255' title='bbox 885 3305 1193 3369; x_wconf 89' lang='lat' dir='ltr'><strong>ministris</strong></span> <span class='ocrx_word' id='word_1_256' title='bbox 1241 3305 1420 3369; x_wconf 79' lang='lat' dir='ltr'><strong>suis?</strong></span> <span class='ocrx_word' id='word_1_257' title='bbox 1483 3304 1775 3382; x_wconf 88' lang='lat' dir='ltr'><strong>nolite,</strong></span> <span class='ocrx_word' id='word_1_258' title='bbox 1825 3304 2057 3385; x_wconf 89' lang='lat' dir='ltr'><strong>inquit,</strong></span> <span class='ocrx_word' id='word_1_259' title='bbox 2106 3303 2516 3386; x_wconf 87' lang='lat' dir='ltr'><strong>possidere</strong></span> <span class='ocrx_word' id='word_1_260' title='bbox 2563 3323 2689 3368; x_wconf 90' lang='lat' dir='ltr'><strong>au-</strong></span> 
     </span>
     <span class='ocr_line' id='line_1_30' title="bbox 434 3407 2690 3491; baseline 0.001 -21"><span class='ocrx_word' id='word_1_261' title='bbox 434 3426 597 3472; x_wconf 92' lang='lat' dir='ltr'><strong>rum</strong></span> <span class='ocrx_word' id='word_1_262' title='bbox 656 3425 898 3488; x_wconf 90' lang='lat' dir='ltr'><strong>neque</strong></span> <span class='ocrx_word' id='word_1_263' title='bbox 958 3412 1380 3491; x_wconf 89' lang='lat' dir='ltr'><strong>argentum</strong></span> <span class='ocrx_word' id='word_1_264' title='bbox 1425 3426 1669 3489; x_wconf 91' lang='lat' dir='ltr'><strong>neque</strong></span> <span class='ocrx_word' id='word_1_265' title='bbox 1715 3409 2137 3488; x_wconf 89' lang='lat' dir='ltr'><strong>pecuniam</strong></span> <span class='ocrx_word' id='word_1_266' title='bbox 2181 3407 2259 3472; x_wconf 90' lang='lat' dir='ltr'><strong>in</strong></span> <span class='ocrx_word' id='word_1_267' title='bbox 2304 3407 2518 3472; x_wconf 90' lang='lat' dir='ltr'><strong>zonis</strong></span> <span class='ocrx_word' id='word_1_268' title='bbox 2566 3427 2690 3472; x_wconf 92' lang='lat' dir='ltr'><strong>ue-</strong></span> 
     </span>
    </p>
   </div>
   <div class='ocr_carea' id='block_1_3' title="bbox 639 3588 1865 3658">
    <p class='ocr_par' dir='ltr' id='par_1_5' title="bbox 639 3588 1865 3658">
     <span class='ocr_line' id='line_1_31' title="bbox 639 3588 1865 3658; baseline 0.002 -17"><span class='ocrx_word' id='word_1_269' title='bbox 639 3589 706 3641; x_wconf 84' lang='lat'><strong>26</strong></span> <span class='ocrx_word' id='word_1_270' title='bbox 742 3588 940 3645; x_wconf 71' lang='lat' dir='ltr'><strong>Matth.</strong></span> <span class='ocrx_word' id='word_1_271' title='bbox 980 3590 1060 3656; x_wconf 85' lang='lat'><strong>19,</strong></span> <span class='ocrx_word' id='word_1_272' title='bbox 1096 3590 1163 3643; x_wconf 83' lang='lat'><strong>21</strong></span> <span class='ocrx_word' id='word_1_273' title='bbox 1370 3590 1440 3643; x_wconf 79' lang='lat'><strong>28</strong></span> <span class='ocrx_word' id='word_1_274' title='bbox 1474 3590 1670 3644; x_wconf 77' lang='lat' dir='ltr'><strong>Matth.</strong></span> <span class='ocrx_word' id='word_1_275' title='bbox 1710 3591 1794 3658; x_wconf 89' lang='lat'><strong>10,</strong></span> <span class='ocrx_word' id='word_1_276' title='bbox 1832 3591 1865 3643; x_wconf 87' lang='lat'>9</span> 
     </span>
    </p>
   </div>
   <div class='ocr_carea' id='block_1_4' title="bbox 432 3752 2692 4078">
    <p class='ocr_par' dir='ltr' id='par_1_6' title="bbox 432 3752 2692 4078">
     <span class='ocr_line' id='line_1_32' title="bbox 536 3752 2691 3808; baseline 0 -2"><span class='ocrx_word' id='word_1_277' title='bbox 536 3753 570 3806; x_wconf 84' lang='lat'>4</span> <span class='ocrx_word' id='word_1_278' title='bbox 622 3754 749 3805; x_wconf 89' lang='lat' dir='ltr'><strong>ante</strong></span> <span class='ocrx_word' id='word_1_279' title='bbox 803 3754 946 3806; x_wconf 88' lang='lat' dir='ltr'><strong>stare</strong></span> <span class='ocrx_word' id='word_1_280' title='bbox 996 3753 1109 3806; x_wconf 87' lang='lat' dir='ltr'><strong>AB</strong></span> <span class='ocrx_word' id='word_1_281' title='bbox 1160 3752 1256 3807; x_wconf 80' lang='lat' dir='ltr'><strong>sed</strong></span> <span class='ocrx_word' id='word_1_282' title='bbox 1305 3754 1494 3807; x_wconf 78' lang='lat' dir='ltr'><strong>statim</strong></span> <span class='ocrx_word' id='word_1_283' title='bbox 1549 3754 1821 3807; x_wconf 87' lang='lat' dir='ltr'><strong>antistant</strong></span> <span class='ocrx_word' id='word_1_284' title='bbox 1868 3756 1923 3807; x_wconf 99' lang='lat' dir='ltr'><strong><em>A</em></strong></span> <span class='ocrx_word' id='word_1_285' title='bbox 1982 3756 2262 3808; x_wconf 86' lang='lat' dir='ltr'><strong>antestant</strong></span> <span class='ocrx_word' id='word_1_286' title='bbox 2306 3770 2375 3808; x_wconf 80' lang='lat' dir='ltr'><strong>ex</strong></span> <span class='ocrx_word' id='word_1_287' title='bbox 2421 3754 2691 3807; x_wconf 86' lang='lat' dir='ltr'><strong>antistant</strong></span> 
     </span>
     <span class='ocr_line' id='line_1_33' title="bbox 433 3839 2691 3908; baseline 0 -16"><span class='ocrx_word' id='word_1_288' title='bbox 433 3853 570 3892; x_wconf 77' lang='lat' dir='ltr'><strong>corr.</strong></span> <span class='ocrx_word' id='word_1_289' title='bbox 606 3854 674 3891; x_wconf 87' lang='lat' dir='ltr'><strong>m.</strong></span> <span class='ocrx_word' id='word_1_290' title='bbox 701 3841 742 3891; x_wconf 80' lang='lat'><strong><em>2</em></strong></span> <span class='ocrx_word' id='word_1_291' title='bbox 775 3839 830 3891; x_wconf 99' lang='grc' dir='ltr'><strong><em>Β</em></strong></span> <span class='ocrx_word' id='word_1_292' title='bbox 1005 3840 1038 3892; x_wconf 89' lang='lat'>5</span> <span class='ocrx_word' id='word_1_293' title='bbox 1068 3844 1195 3906; x_wconf 77' lang='lat' dir='ltr'><strong>post</strong></span> <span class='ocrx_word' id='word_1_294' title='bbox 1231 3839 1500 3906; x_wconf 86' lang='lat' dir='ltr'><strong>dignitate</strong></span> <span class='ocrx_word' id='word_1_295' title='bbox 1535 3839 1666 3893; x_wconf 81' lang='lat' dir='ltr'><strong>add.</strong></span> <span class='ocrx_word' id='word_1_296' title='bbox 1698 3856 1741 3908; x_wconf 78' lang='lat' dir='ltr'><strong>p</strong></span> <span class='ocrx_word' id='word_1_297' title='bbox 1776 3846 1828 3893; x_wconf 80' lang='lat' dir='ltr'><strong>et</strong></span> <span class='ocrx_word' id='word_1_298' title='bbox 1864 3839 1985 3893; x_wconf 81' lang='lat' dir='ltr'><strong>edd.</strong></span> <span class='ocrx_word' id='word_1_299' title='bbox 2023 3845 2155 3894; x_wconf 78' lang='lat' dir='ltr'><strong>aute</strong></span> <span class='ocrx_word' id='word_1_300' title='bbox 2191 3840 2503 3894; x_wconf 77' lang='lat' dir='ltr'><strong>Halmium:</strong></span> <span class='ocrx_word' id='word_1_301' title='bbox 2550 3840 2691 3893; x_wconf 91' lang='lat' dir='ltr'><strong>nihil</strong></span> 
     </span>
     <span class='ocr_line' id='line_1_34' title="bbox 434 3924 2692 3994; baseline 0.001 -17"><span class='ocrx_word' id='word_1_302' title='bbox 434 3928 516 3977; x_wconf 79' lang='lat' dir='ltr'><strong>est</strong></span> <span class='ocrx_word' id='word_1_303' title='bbox 562 3925 704 3978; x_wconf 89' lang='lat' dir='ltr'><strong>enim</strong></span> <span class='ocrx_word' id='word_1_304' title='bbox 750 3925 964 3992; x_wconf 91' lang='lat' dir='ltr'><strong>turpius</strong></span> <span class='ocrx_word' id='word_1_305' title='bbox 1011 3940 1168 3993; x_wconf 89' lang='lat' dir='ltr'><strong>quam</strong></span> <span class='ocrx_word' id='word_1_306' title='bbox 1219 3924 1563 3979; x_wconf 85' lang='lat' dir='ltr'><strong>excellentem</strong></span> <span class='ocrx_word' id='word_1_307' title='bbox 1608 3941 1721 3978; x_wconf 90' lang='lat' dir='ltr'><strong>esse</strong></span> <span class='ocrx_word' id='word_1_308' title='bbox 1757 3925 2057 3992; x_wconf 89' lang='lat' dir='ltr'><strong>quemlibet</strong></span> <span class='ocrx_word' id='word_1_309' title='bbox 2093 3926 2327 3979; x_wconf 86' lang='lat' dir='ltr'><strong>culmine</strong></span> <span class='ocrx_word' id='word_1_310' title='bbox 2364 3929 2417 3979; x_wconf 90' lang='lat' dir='ltr'><strong>et</strong></span> <span class='ocrx_word' id='word_1_311' title='bbox 2454 3925 2692 3994; x_wconf 87' lang='lat' dir='ltr'><strong>despica-</strong></span> 
     </span>
     <span class='ocr_line' id='line_1_35' title="bbox 432 4009 2689 4078; baseline 0.001 -15"><span class='ocrx_word' id='word_1_312' title='bbox 432 4009 595 4064; x_wconf 89' lang='lat' dir='ltr'><strong>bilem</strong></span> <span class='ocrx_word' id='word_1_313' title='bbox 642 4011 859 4064; x_wconf 88' lang='lat' dir='ltr'><strong>uilitate</strong></span> <span class='ocrx_word' id='word_1_314' title='bbox 1066 4010 1098 4063; x_wconf 82' lang='lat'>7</span> <span class='ocrx_word' id='word_1_315' title='bbox 1150 4010 1362 4063; x_wconf 90' lang='lat' dir='ltr'><strong>nomine</strong></span> <span class='ocrx_word' id='word_1_316' title='bbox 1407 4011 1606 4078; x_wconf 77' lang='lat' dir='ltr'><strong>scripsi</strong></span> <span class='ocrx_word' id='word_1_317' title='bbox 1649 4027 1771 4065; x_wconf 88' lang='lat' dir='ltr'><strong>cum</strong></span> <span class='ocrx_word' id='word_1_318' title='bbox 1816 4010 2106 4064; x_wconf 80' lang='lat' dir='ltr'><strong>Hartelio:</strong></span> <span class='ocrx_word' id='word_1_319' title='bbox 2159 4010 2373 4065; x_wconf 89' lang='lat' dir='ltr'><strong>homine</strong></span> <span class='ocrx_word' id='word_1_320' title='bbox 2419 4013 2531 4065; x_wconf 90' lang='lat' dir='ltr'><strong>AB</strong></span> <span class='ocrx_word' id='word_1_321' title='bbox 2545 4013 2689 4066; x_wconf 79' lang='lat' dir='ltr'><strong>Hal-</strong></span> 
     </span>
    </p>
   </div>
   <div class='ocr_carea' id='block_1_5' title="bbox 425 4093 2692 4429">
    <p class='ocr_par' dir='ltr' id='par_1_7' title="bbox 425 4093 2692 4337">
     <span class='ocr_line' id='line_1_36' title="bbox 431 4093 2692 4164; baseline 0.001 -15"><span class='ocrx_word' id='word_1_322' title='bbox 431 4097 576 4150; x_wconf 77' lang='lat' dir='ltr'><strong>mius</strong></span> <span class='ocrx_word' id='word_1_323' title='bbox 777 4097 838 4150; x_wconf 92' lang='grc'><strong>11</strong></span> <span class='ocrx_word' id='word_1_324' title='bbox 878 4097 993 4163; x_wconf 90' lang='lat' dir='ltr'><strong>ipso</strong></span> <span class='ocrx_word' id='word_1_325' title='bbox 1029 4097 1173 4164; x_wconf 86' lang='lat' dir='ltr'><strong>sexu]</strong></span> <span class='ocrx_word' id='word_1_326' title='bbox 1199 4093 1327 4164; x_wconf 80' lang='lat' dir='ltr'><strong>&#39;ipsa</strong></span> <span class='ocrx_word' id='word_1_327' title='bbox 1361 4096 1505 4149; x_wconf 85' lang='lat' dir='ltr'><strong>faece</strong></span> <span class='ocrx_word' id='word_1_328' title='bbox 1541 4102 1686 4162; x_wconf 88' lang='lat' dir='ltr'><strong>(cum</strong></span> <span class='ocrx_word' id='word_1_329' title='bbox 1722 4097 1774 4160; x_wconf 84' lang='lat' dir='ltr'><strong>b)</strong></span> <span class='ocrx_word' id='word_1_330' title='bbox 1811 4095 1893 4149; x_wconf 82' lang='lat' dir='ltr'><strong>ed.</strong></span> <span class='ocrx_word' id='word_1_331' title='bbox 1933 4094 2209 4151; x_wconf 77' lang='lat' dir='ltr'><strong>Baluzius</strong></span> <span class='ocrx_word' id='word_1_332' title='bbox 2404 4098 2468 4152; x_wconf 82' lang='lat'><strong>21</strong></span> <span class='ocrx_word' id='word_1_333' title='bbox 2508 4101 2692 4152; x_wconf 86' lang='lat' dir='ltr'><strong>noster</strong></span> 
     </span>
     <span class='ocr_line' id='line_1_37' title="bbox 425 4181 2692 4251; baseline 0.001 -18"><span class='ocrx_word' id='word_1_334' title='bbox 425 4198 493 4251; x_wconf 76' lang='lat' dir='ltr'><strong>p:</strong></span> <span class='ocrx_word' id='word_1_335' title='bbox 551 4198 655 4236; x_wconf 90' lang='lat' dir='ltr'><strong>non</strong></span> <span class='ocrx_word' id='word_1_336' title='bbox 704 4185 760 4235; x_wconf 88' lang='lat' dir='ltr'><strong><em>A</em></strong></span> <span class='ocrx_word' id='word_1_337' title='bbox 811 4197 919 4235; x_wconf 90' lang='lat' dir='ltr'><strong>non</strong></span> <span class='ocrx_word' id='word_1_338' title='bbox 965 4187 1299 4250; x_wconf 78' lang='lat' dir='ltr'><strong>expunctum</strong></span> <span class='ocrx_word' id='word_1_339' title='bbox 1345 4182 1402 4236; x_wconf 92' lang='grc' dir='ltr'><strong><em>Β</em></strong></span> <span class='ocrx_word' id='word_1_340' title='bbox 1448 4183 1686 4249; x_wconf 77' lang='lat' dir='ltr'><strong>(omuino</strong></span> <span class='ocrx_word' id='word_1_341' title='bbox 1721 4181 1865 4236; x_wconf 78' lang='lat' dir='ltr'><strong>deest</strong></span> <span class='ocrx_word' id='word_1_342' title='bbox 1899 4182 1961 4236; x_wconf 79' lang='lat' dir='ltr'><strong>iu</strong></span> <span class='ocrx_word' id='word_1_343' title='bbox 1998 4183 2050 4249; x_wconf 89' lang='lat' dir='ltr'><strong>b)</strong></span> <span class='ocrx_word' id='word_1_344' title='bbox 2260 4184 2328 4236; x_wconf 83' lang='lat'><strong>26</strong></span> <span class='ocrx_word' id='word_1_345' title='bbox 2372 4185 2692 4238; x_wconf 89' lang='lat' dir='ltr'><strong>aduliscenti</strong></span> 
     </span>
     <span class='ocr_line' id='line_1_38' title="bbox 432 4267 2295 4337; baseline 0.001 -16"><span class='ocrx_word' id='word_1_346' title='bbox 432 4269 489 4321; x_wconf 88' lang='lat' dir='ltr'><strong><em>A</em></strong></span> <span class='ocrx_word' id='word_1_347' title='bbox 693 4269 760 4322; x_wconf 79' lang='lat'><strong>27</strong></span> <span class='ocrx_word' id='word_1_348' title='bbox 797 4268 958 4322; x_wconf 90' lang='lat' dir='ltr'><strong>habes</strong></span> <span class='ocrx_word' id='word_1_349' title='bbox 995 4284 1062 4322; x_wconf 80' lang='lat' dir='ltr'><strong>ex</strong></span> <span class='ocrx_word' id='word_1_350' title='bbox 1096 4267 1250 4322; x_wconf 85' lang='lat' dir='ltr'><strong>hahis</strong></span> <span class='ocrx_word' id='word_1_351' title='bbox 1286 4285 1428 4324; x_wconf 81' lang='lat' dir='ltr'><strong>corr.</strong></span> <span class='ocrx_word' id='word_1_352' title='bbox 1466 4286 1536 4322; x_wconf 88' lang='lat' dir='ltr'><strong>m.</strong></span> <span class='ocrx_word' id='word_1_353' title='bbox 1573 4272 1614 4322; x_wconf 81' lang='lat'><strong><em>2</em></strong></span> <span class='ocrx_word' id='word_1_354' title='bbox 1649 4269 1703 4321; x_wconf 87' lang='lat' dir='ltr'><strong><em>A</em></strong></span> <span class='ocrx_word' id='word_1_355' title='bbox 1910 4269 1978 4323; x_wconf 83' lang='lat'><strong>28</strong></span> <span class='ocrx_word' id='word_1_356' title='bbox 2013 4269 2204 4337; x_wconf 89' lang='lat' dir='ltr'><strong>inquid</strong></span> <span class='ocrx_word' id='word_1_357' title='bbox 2242 4270 2295 4323; x_wconf 93' lang='grc' dir='ltr'><strong><em>Β</em></strong></span> 
     </span>
    </p>

    <p class='ocr_par' dir='ltr' id='par_1_8' title="bbox 545 4371 2484 4429">
     <span class='ocr_line' id='line_1_39' title="bbox 545 4371 2484 4429; baseline 0.001 -5"><span class='ocrx_word' id='word_1_358' title='bbox 545 4371 702 4425; x_wconf 88' lang='lat' dir='ltr'><strong>VIII.</strong></span> <span class='ocrx_word' id='word_1_359' title='bbox 2420 4374 2484 4429; x_wconf 85' lang='lat'><strong>17</strong></span> 
     </span>
    </p>
   </div>
  </div>
 </body>
</html>
