3380 4919
1160 289 1234 342 de
1270 288 1538 357 gubern.
1580 286 1682 340 dei
1731 287 1821 341 111
1860 291 1889 350 ξ
1930 287 2147 340 12-17.
2692 286 2776 351 47

527 481 658 563 qui
705 497 855 543 non
903 477 1200 542 tulerit
1245 495 1560 541 erucem
1607 494 1820 540 suam
1867 479 1941 540 et
1986 477 2301 539 secutus
2339 493 2449 538 me
2494 475 2773 555 fuerit,

526 603 678 648 non
731 586 848 646 est
906 599 1016 644 me
1062 580 1362 660 dignus.
1453 582 1517 643 et
1572 579 1674 661 qui
1735 598 1801 642 se
1846 577 2269 643 Christianum
2330 577 2514 661 dicit,
2574 578 2773 657 debet,

526 685 1050 770 quemadmodum
1082 682 1369 748 Christus
1417 683 1786 759 ambulauit‚
1834 682 1923 746 sio
1955 690 2015 745 et
2046 681 2175 764 ipse
2223 681 2562 746 ambulare.
2620 700 2776 763 quae
2798 684 2878 749 15

526 809 647 854 non
692 788 873 853 modo
928 788 1101 862 illos,
1164 786 1271 867 qui
1317 787 1672 867 uoluptates
1721 788 1783 849 et
1827 802 2085 866 pompas
2131 784 2364 848 saeculi
2418 791 2773 866 sequuntur,

480 897 630 957 ssed
676 910 749 956 ne
794 891 935 954 illos
970 890 1221 971 quidem
1257 888 1521 971 implere
1555 889 1798 952 eertum
1830 889 1943 963 est,
1989 888 2094 968 qui
2129 888 2474 953 saeculares
2519 888 2773 953 affectus

525 995 979 1076 derelinquunt.
1028 1011 1173 1056 nam
1223 992 1286 1055 et
1330 992 1436 1074 qui
1483 992 1842 1056 renuntiare
1890 990 2129 1057 diuitiis
2182 991 2476 1055 uidentur
2517 1011 2638 1057 non
2685 994 2776 1057 sio

520 1098 905 1180 renuntiant,
950 1099 1022 1161 ut
1065 1096 1314 1177 penitus
1360 1096 1752 1159 renuntiasse
1796 1095 2164 1172 uideantur,
2212 1099 2275 1158 et
2321 1094 2427 1177 qui
2471 1099 2776 1178 putantur

521 1219 767 1265 erucem
809 1201 1056 1282 portare
1103 1198 1192 1264 sio
1235 1199 1504 1282 portant,
1551 1201 1624 1261 ut
1666 1201 1809 1280 plus
1854 1198 2124 1263 habeant
2169 1200 2234 1263 in
2288 1199 2481 1262 crucis
2529 1201 2775 1266 nomine

521 1304 845 1386 dignitatis
906 1321 1094 1384 quam
1151 1303 1213 1365 in
1270 1300 1553 1383 passione
1608 1300 1917 1383 supplicii.
2008 1304 2072 1365 et
2128 1320 2341 1366 omnes
2400 1305 2605 1367 tamen
2665 1304 2775 1369 isti

453 1435 504 1473 ιο
520 1406 761 1471 etiamsi
791 1405 1026 1487 aliquid
1055 1405 1274 1467 horum
1306 1404 1463 1469 bona
1494 1403 1613 1468 fide
1645 1403 2079 1484 adimplerent,
2126 1404 2285 1468 illud
2317 1405 2545 1487 absque
2589 1406 2773 1471 dubio

522 1511 735 1575 nullus
782 1509 1085 1586 efficeret,
1151 1509 1223 1570 ut
1279 1525 1390 1588 per
1436 1507 1603 1570 uiam
1662 1506 1832 1570 uitae
1875 1507 2057 1570 istius
2115 1505 2205 1570 sic
2255 1508 2568 1572 incederet
2613 1513 2775 1574 siout

518 1614 792 1678 saluator
834 1609 1112 1676 incessit.
1182 1610 1316 1692 qui
1372 1627 1448 1673 se
1503 1610 1742 1685 enim,
1801 1609 2003 1691 inquit
2054 1611 2397 1695 apostoluS‚
2456 1612 2653 1676 dicit
2696 1613 2773 1677 in

520 1714 834 1780 Christo
902 1731 1261 1793 manere,
1330 1711 1569 1776 debet
1599 1760 1614 1791 ,
1681 1712 2334 1792 quemadmodum
2405 1712 2771 1780 Christus

517 1820 995 1901 ambulauit,
1044 1818 1156 1881 sic
1202 1820 1277 1880 et
1322 1819 1492 1898 ipse
1538 1815 1968 1881 ambulare.

448 1953 499 1993 15
606 1922 756 1987 1111.
805 1922 926 1986 Sed
965 1922 1118 1986 dura
1151 1920 1411 1985 forsitan
1447 1921 1701 2002 quidam
1731 1922 1955 2001 putant
1985 1924 2402 2002 apostolorum
2436 1941 2566 1987 esse
2595 1942 2771 2006 prae·
2796 1921 2874 1985 16

519 2026 719 2106 cepta.
769 2024 926 2089 dura
971 2025 1152 2105 plane
1200 2023 1614 2088 existimanda
1657 2026 1824 2100 sunt,
1874 2024 1928 2087 si
1969 2024 2110 2104 plus
2142 2023 2220 2089 ab
2254 2023 2395 2088 aliis
2426 2024 2772 2091 officiorum

518 2129 771 2210 exigunt
804 2147 988 2208 quam
1025 2127 1146 2191 sibi
1179 2130 1456 2192 sumunt.
1506 2145 1687 2208 porro
1725 2128 1954 2209 autem,
2001 2127 2054 2190 si
2085 2127 2285 2191 multo
2317 2130 2521 2192 minus
2553 2130 2772 2193 ceteris

515 2232 902 2313 imperarunt
965 2249 1152 2311 quam
1212 2229 1366 2306 sibi,
1436 2246 1559 2292 non
1618 2229 1800 2293 modo
1860 2249 1977 2293 non
2035 2246 2256 2311 graues
2314 2231 2606 2313 magistri
2663 2231 2772 2296 sed

516 2336 805 2416 parentes
850 2332 1387 2414 indulgentissimi
1432 2332 1756 2395 iudicandi
1802 2336 1984 2409 sunt,
2033 2333 2139 2413 qui
2187 2351 2387 2412 onera,
2437 2353 2593 2415 quae
2640 2352 2770 2398 oer-

447 2436 762 2506 20uicibus
807 2436 1078 2501 filiorum
1126 2454 1237 2518 per
1295 2434 1521 2499 amoris
1567 2434 2029 2518 indulgentiam
2075 2435 2439 2517 detrahunt,
2502 2438 2622 2503 sibi
2666 2459 2773 2523 per

517 2542 807 2605 affectum
875 2539 1196 2621 religionis
1257 2539 1603 2623 imponunt.
1696 2540 1845 2620 quid
1906 2541 2072 2605 enim
2130 2558 2289 2605 uuus
2350 2561 2422 2605 ex
2479 2543 2630 2626 ipsis
2693 2545 2772 2609 ad

515 2645 772 2726 populos
841 2643 1296 2707 ecclesiasticos
1368 2643 1562 2708 dicit?
1650 2643 1949 2719 filioli,
2020 2643 2259 2726 inquit,
2330 2647 2515 2724 mei,
2585 2666 2770 2729 quos

516 2746 808 2810 iterum
853 2747 1242 2829 parturio,
1290 2747 1536 2811 donec
1579 2748 1973 2812 formetur
2006 2747 2373 2814 Christus
2417 2749 2494 2814 in
2526 2750 2769 2817 uobis.

515 2849 579 2913 et
608 2869 889 2914 rursum:
933 2851 1423 2929 imitatores,
1474 2850 1698 2931 inquit,
1733 2851 1879 2915 mei
1928 2851 2211 2936 estote,
2258 2854 2464 2917 siout
2509 2858 2585 2917 et
2633 2874 2769 2941 ego

445 2952 838 3018 25Christi.
929 2955 1104 3018 nobis
1163 2953 1278 3017 hoo
1334 2953 1635 3037 imperat,
1698 2956 1770 3017 ut
1815 2972 1881 3036 se
1926 2953 2275 3034 imitemur,
2336 2957 2441 3038 qui
2486 2957 2610 3021 sibi
2657 2959 2770 3024 hoc
2794 2959 2870 3024 17

513 3056 964 3138 imperauerat,
1010 3062 1082 3121 ut
1127 3055 1360 3121 Christi
1406 3060 1567 3120 esset
1611 3057 1915 3122 imitator.
1992 3059 2054 3121 et
2099 3059 2381 3141 quidem,
2430 3061 2591 3142 quod
2637 3062 2768 3145 ipse

514 3159 837 3226 Christum
894 3160 1183 3225 imitatus
1247 3159 1360 3237 sit,
1419 3160 1578 3223 nulli
1635 3159 1896 3224 dubium
1945 3163 2059 3226 est.
2153 3161 2439 3229 Christus
2496 3166 2661 3228 enim
2704 3184 2768 3230 se

513 3282 624 3344 pro
672 3263 849 3328 nobis
894 3262 1175 3327 subdidit
1236 3264 1504 3341 mund0,
1565 3267 1627 3326 et
1684 3283 1749 3326 se
1811 3263 1943 3346 ipse
2000 3282 2109 3346 pro
2157 3265 2433 3332 Christo:
2483 3267 2766 3333 Christus

515 3383 625 3448 pro
672 3365 848 3431 nobis
896 3365 1100 3431 taedia
1146 3367 1208 3430 et
1252 3367 1493 3431 labores
1547 3366 1946 3448 grauissimos
2006 3369 2296 3451 pertulit,
2357 3372 2419 3433 et
2476 3372 2591 3435 hoc
2633 3372 2766 3454 ipse

719 3501 783 3554 12
819 3499 847 3553 I
883 3499 1000 3554 Ioh.
1037 3500 1085 3565 2,
1123 3501 1156 3554 6
1362 3500 1431 3553 22
1467 3497 1587 3554 Gal.
1624 3501 1673 3566 4,
1716 3501 1779 3553 19
1986 3502 2054 3556 24
2089 3502 2117 3556 I
2155 3502 2272 3558 Cor.
2314 3504 2393 3568 11,
2435 3506 2462 3559 1

613 3620 646 3672 2
681 3619 816 3673 dicit
850 3621 904 3673 A
939 3638 1007 3675 m.
1046 3637 1150 3675 rec.
1186 3636 1228 3674 s.
1268 3621 1302 3673 l.
1508 3620 1543 3673 4
1591 3624 1849 3688 sequntur
1889 3623 2010 3687 (sie)
2059 3621 2114 3675 A
2319 3625 2350 3677 5
2388 3626 2677 3680 saecularis
2712 3629 2768 3682 A

512 3722 578 3759 m.
603 3710 635 3759 1
670 3707 725 3759 B
916 3707 1133 3761 affectus
1158 3706 1380 3775 scripsi3
1416 3705 1487 3771 cf.
1514 3706 1578 3760 in
1601 3706 1904 3762 Sita-Ber.
1927 3723 1983 3775 p.
2010 3711 2087 3762 24
2104 3725 2210 3778 sq:
2247 3714 2457 3765 amotus
2482 3729 2523 3767 8.
2552 3716 2639 3767 tus
2664 3730 2763 3768 scr.

509 3808 578 3845 m.
624 3808 728 3845 rec.
776 3808 858 3844 res
903 3793 958 3845 A
1016 3794 1212 3847 amoris
1258 3795 1343 3846 ius
1389 3793 1475 3860 B3
1539 3792 1684 3858 ‘fort.
1731 3788 1895 3846 aetus’
1935 3794 2227 3864 Halmius3
2298 3801 2477 3851 motus
2521 3801 2611 3854 uel
2657 3801 2765 3855 iam

509 3879 689 3930 motus
724 3879 1039 3946 suspicatur
1074 3879 1368 3933 Hartelius
1575 3878 1606 3930 7
1641 3881 1931 3946 portantur
1968 3885 2019 3933 et
2053 3881 2108 3934 A
2145 3888 2195 3936 et
2231 3883 2285 3936 B
2320 3900 2389 3937 m.
2419 3888 2451 3937 1
2483 3886 2579 3939 sed
2613 3887 2676 3940 in
2710 3887 2765 3940 A

508 3978 549 4017 s.
585 3976 689 4017 ser.
735 3980 803 4017 m.
840 3980 946 4019 rec.
995 3965 1247 4026 utantur,
1302 3964 1385 4018 ita
1429 3968 1614 4018 tamen
1656 3969 1723 4018 ut
1766 3965 1871 4018 uix
1917 3967 2026 4033 ἱερά
2053 3969 2227 4033 possit
2434 3971 2498 4023 15
2547 3972 2764 4039 quidam

508 4048 733 4103 forsitan
768 4051 823 4104 B
1016 4051 1081 4103 18
1116 4050 1433 4117 inperarunt
1471 4050 1527 4103 B
1726 4051 1790 4103 19
1826 4052 2121 4105 ceruicibus
2158 4070 2225 4108 ex
2260 4055 2500 4110 cel-uibus
2535 4058 2590 4111 A
2626 4074 2763 4112 corr.

507 4150 577 4188 m.
613 4140 661 4200 1,
696 4140 761 4189 ut
795 4135 1022 4190 uidetur
1227 4135 1294 4188 29
1340 4135 1565 4203 pertulit
1600 4137 1655 4188 et
1689 4136 1804 4204 ipse
1841 4152 1936 4204 pro
1971 4138 2126 4191 nobis
2163 4140 2392 4207 pertulit
2429 4145 2483 4197 et
2519 4143 2632 4211 ipse
2667 4160 2763 4213 pro

509 4220 722 4275 Christo
766 4222 820 4275 B
