3380 4919
1087 321 1163 375 ad
1200 320 1549 376 ecclesiam
1598 319 1719 376 1111
1756 325 1786 387 ἓ
1822 320 2044 376 22—28.
2567 322 2693 390 309

435 531 546 579 suo
578 513 721 579 aliis
750 511 953 594 magis
981 530 1167 595 quam
1199 510 1320 576 sibi
1349 510 1618 576 consulit
1647 509 1974 592 profutura
2014 508 2137 575 sibi
2175 528 2335 593 quae
2366 511 2477 577 deo
2508 511 2694 578 dede·
2777 560 2785 566 .

434 616 524 681 rit
565 614 818 682 omnino
863 632 995 680 esse
1039 633 1164 680 non
1209 615 1424 680 credit.
1501 613 1671 680 dicat
1729 615 1889 680 enim
1939 614 2097 679 mihi
2142 612 2412 697 quilibet
2450 615 2692 693 horum,

435 736 547 785 cur
590 719 926 785 facultates
969 736 1114 784 suas
1160 717 1301 783 aliis
1345 716 1767 799 derelinquit?
1833 716 2135 800 numquid
2180 733 2302 782 non
2346 719 2500 793 ideo,
2548 721 2696 802 quia

433 820 793 906 profuturas
839 823 938 887 cui
983 821 1304 904 reliquerit
1349 837 1482 886 esse
1527 836 1649 885 non
1678 819 1995 904 ambigit?
2037 818 2177 886 ideo
2206 821 2439 905 absque
2484 821 2694 888 dubio,

435 926 654 1009 igitur,
703 927 1075 1009 quicumque
1119 924 1228 990 ille
1275 942 1361 1003 es,
1405 923 1462 989 si
1492 941 1564 988 ea
1593 941 1752 1007 quae
1795 922 1906 988 alii
1950 920 2271 1007 relinquis,
2317 923 2476 991 ideo·
2500 927 2693 993 relin·
2712 924 2798 992 26

439 1029 576 1113 quis
633 1028 782 1112 quia
835 1030 1160 1113 profutura
1215 1029 1273 1093 ei
1318 1027 1424 1093 cui
1480 1027 1820 1110 reliqueris*
1852 1027 2057 1095 certus
2103 1042 2195 1109 es,
2253 1030 2341 1094 sic
2397 1029 2692 1112 profecto,
2736 1084 2758 1104 2

436 1133 497 1198 si
541 1150 964 1215 quaecumque
1009 1131 1317 1216 religiosis
1365 1130 1731 1196 muneribus
1773 1146 2181 1214 prorogasses¹
2202 1133 2531 1215 profutura
2562 1151 2694 1199 esse

436 1237 559 1302 tibi
615 1236 911 1317 crederes,
966 1233 1086 1300 tibi
1143 1233 1374 1316 absque
1433 1232 1622 1298 dubio
1679 1233 2079 1317 peculiariter
2125 1235 2489 1317 deputarest
2548 1236 2694 1317 quia

438 1341 670 1421 quanto
717 1343 780 1404 te
824 1338 967 1420 plus
1015 1356 1190 1403 amas
1235 1357 1424 1420 quam
1461 1354 1584 1415 008,
1630 1338 1855 1420 quibus
1899 1337 2219 1422 relinquis,
2267 1340 2446 1405 tanto
2489 1340 2694 1424 magis

369 1465 422 1506 10
437 1441 560 1507 tibi
604 1442 999 1525 relinquereS‚
1046 1441 1103 1506 si
1146 1441 1477 1524 profutura
1520 1459 1594 1505 ea
1635 1440 1885 1506 tibimet
1930 1442 2050 1505 uel·
2075 1441 2248 1505 tenui
2293 1441 2694 1524 opiniuncula

435 1545 764 1611 iudicares,
839 1562 962 1610 non
1007 1548 1175 1611 enim
1219 1547 1282 1609 te
1327 1544 1535 1622 odisti,
1578 1546 1651 1608 ut
1696 1543 1986 1626 prodesse
2028 1543 2145 1608 tibi
2177 1545 2355 1626 nolis,
2401 1546 2507 1612 sed
2539 1566 2693 1629 quae
2712 1541 2796 1612 ‘2³1

437 1648 812 1730 pauperibus
870 1647 1274 1730 dereliqueris
1333 1647 1661 1730 profutura
1722 1645 1844 1714 tibi
1888 1662 2022 1712 esse
2067 1666 2191 1713 non
2236 1648 2465 1715 credis:
2533 1650 2695 1716 unde

439 1755 533 1816 est
578 1752 739 1835 quod
784 1751 920 1818 aliis
965 1750 1169 1836 magis
1216 1762 1405 1835 quam
1450 1752 1566 1816 tibi
1611 1744 1894 1834 consulis,
1923 1751 2088 1834 quia
2130 1752 2529 1834 profuturum
2572 1753 2695 1820 tibi

439 1873 593 1937 opus
639 1856 999 1940 religiosum
1044 1872 1178 1921 esse
1206 1873 1344 1921 -non
1388 1855 1609 1920 credis,
1692 1853 1858 1919 sicut
1902 1855 2099 1921 credis
2127 1856 2355 1938 itaque
2400 1856 2488 1920 sic
2533 1857 2695 1922 reci-

368 1982 420 2023 15
435 1948 588 2040 pies.
659 1963 731 2022 tu
776 1960 1152 2026 saluatorem
1208 1959 1499 2043 perparui
1559 1959 1786 2040 pendis
1832 1961 1912 2025 et
1937 1962 2001 2023 te
2047 1959 2325 2026 saluatur
2366 1959 2558 2026 nihil:
2587 2012 2590 2017 .
2623 1966 2694 2026 tu

437 2057 775 2127 Christum
801 2063 1121 2144 postponis
1165 2062 1305 2127 aliis
1349 2062 1413 2126 et
1457 2064 1520 2125 te
1566 2061 1857 2127 omnibus
1904 2060 2223 2128 Christus:
2270 2062 2391 2127 tibi
2433 2063 2506 2128 in
2546 2081 2694 2129 con·

434 2164 756 2248 paratione
803 2165 993 2230 etiam
1040 2165 1360 2230 hominum
1406 2164 1797 2247 perditorum
1840 2165 1989 2230 uilis
2035 2167 2133 2230 est
2179 2165 2466 2231 dominus
2512 2168 2575 2231 et
2620 2168 2693 2232 tu

434 2268 556 2333 eris
599 2258 760 2332 inter
806 2269 1228 2350 periturorum
1272 2267 1532 2333 ultimos
1576 2269 1992 2352 deputandus,

524 2384 635 2455 VI.
697 2385 815 2454 Sed
869 2388 1209 2453 blandioris
1266 2387 1385 2453 tibi
1445 2388 1732 2469 forsitan,
1794 2392 1865 2453 ut
1919 2389 2047 2454 iam
2092 2390 2233 2454 ante
2280 2388 2426 2470 dixi,
2487 2384 2693 2472 aliquo
2713 2393 2797 2461 28

364 2485 765 2576 soreligiosae
809 2492 1204 2575 professionis
1235 2491 1495 2557 intuitu.
1559 2494 1765 2576 magis
1799 2511 1863 2557 es
1894 2492 2157 2572 debitor,
2206 2493 2352 2576 quia
2381 2494 2692 2576 proposito

437 2595 787 2660 sanctitatis
844 2596 1082 2660 maiora
1137 2595 1471 2678 promittis,
1533 2596 1596 2661 et
1653 2596 1790 2661 ideo
1847 2596 1989 2679 plus
2034 2587 2331 2661 tolerabis
2377 2594 2691 2680 supplicii,

438 2700 583 2785 quia
647 2699 853 2764 minus
923 2697 1181 2764 solueris
1244 2698 1576 2783 sponsioni.
1653 2700 1916 2785 grandia
1982 2699 2188 2782 specie
2249 2695 2570 2781 polliceris
2629 2700 2694 2764 et

435 2802 619 2868 rebus
687 2804 861 2884 nulla
925 2804 1224 2883 restitum,
1294 2802 1533 2870 falsarii
1612 2801 1897 2870 criminis
1937 2819 2098 2868 'reus
2157 2822 2244 2882 eS,
2313 2805 2425 2869 deo
2472 2806 2696 2869 cuncta

435 2901 742 2972 mentiris.
814 2896 929 2971 'nec
983 2906 1274 2973 inmerito
1328 2925 1503 2973 sacer
1561 2925 1779 2974 sermo·
1823 2905 2122 2973 iudicium
2182 2907 2257 2973 de
2313 2908 2548 2990 templo
2593 2906 2696 2973 dei

365 2999 857 3091 &incipiendum
933 3028 1064 3075 esse
1139 3011 1447 3089 testatum
1525 3009 1900 3076 iudicium
1980 3007 2218 3091 enim,
2293 3009 2530 3094 inquit,
2607 3012 2694 3075 de

639 3187 785 3266 25-'1
819 3211 937 3267 Pet.
972 3213 1024 3278 4,
1065 3213 1128 3267 17

436 3426 454 3432 ,
539 3383 574 3437 3
607 3381 937 3451 derelinquit
971 3398 1042 3438 em
1077 3382 1407 3453 derelinquis
1445 3399 1587 3440 corr.t
1611 3400 1683 3439 m.
1707 3387 1748 3439 2
1782 3384 1848 3439 R
2011 3386 2046 3444 5
2080 3401 2135 3440 es
2170 3386 2262 3440 ille
2297 3386 2470 3455 siquis
2503 3391 2694 3440 trans,-

430 3470 727 3538 positiom‘s
750 3469 956 3525 additis
991 3471 1047 3524 Β
1221 3470 1290 3541 si]
1313 3470 1444 3537 fort.
1470 3471 1630 3526 scrib.
1657 3472 1800 3525 sicut
1971 3472 2005 3525 6
2042 3472 2110 3541 ei]
2148 3487 2211 3526 ea
2245 3472 2300 3525 Β
2476 3471 2506 3525 7
2542 3486 2700 3540 quae-

438 3570 663 3625 cumque
699 3560 898 3625 pwnct.
946 3571 1064 3610 cum
1101 3572 1169 3611 m.
1207 3561 1239 3611 1
1282 3556 1339 3611 Β
1544 3572 1915 3630 praerogasses
1961 3557 2364 3614 Rittershusius
2397 3559 2474 3627 (et
2509 3558 2559 3627 b)

441 3641 508 3695 10
552 3641 910 3712 relinquaeres
957 3647 1010 3697 et
1046 3642 1223 3711 paulo
1256 3649 1385 3711 post
1420 3643 1831 3712 derelinquaeris
1878 3645 1933 3700 A
2138 3643 2232 3698 12‘
2260 3643 2416 3713 unde]
2471 3646 2525 3698 et
2576 3643 2699 3698 inde

439 3731 584 3792 (cwm
617 3728 670 3795 b)
708 3727 790 3784 ed.
827 3728 1103 3783 Baluzius
1310 3728 1376 3783 17
1412 3729 1992 3797 uilis—periturorum
2027 3730 2093 3785 in
2128 3746 2300 3801 marq.
2337 3747 2406 3784 m.
2430 3732 2471 3785 2
2505 3731 2561 3784 Β

439 3813 506 3869 19
558 3812 826 3868 blandiris
878 3815 933 3868 Β
1139 3813 1330 3869 forsita
1377 3815 1433 3868 A
1639 3816 1711 3870 20
1753 3817 1831 3886 es]
1869 3832 1998 3870 esse*
2029 3816 2085 3870 B
2291 3817 2357 3870 21
2400 3817 2699 3873 tolerabilis

436 3898 495 3953 Β
600 3951 607 3954 ,
699 3900 768 3956 22
795 3905 926 3970 post
959 3899 1233 3970 sponsioni
1269 3900 1398 3957 add.
1427 3915 1472 3970 p
1508 3906 1563 3957 et
1599 3901 1722 3957 edd.
1757 3908 1896 3957 ante
1927 3902 2146 3957 Halm:
2197 3915 2381 3957 seruus
2418 3904 2576 3968 enim,
2611 3904 2697 3957 in»

435 3986 561 4055 quit
594 4002 763 4042 sermo
800 3986 1036 4054 diuinus,
1082 3986 1179 4056 qui
1209 3986 1397 4044 nescit.
1423 3988 1766 4043 uoluntatem
1801 3988 2008 4043 domini
2042 3989 2129 4043 sui
2163 3991 2219 4043 et
2255 4004 2366 4044 non
2396 3990 2544 4045 facit>
2565 3997 2697 4059 earne,

438 4072 729 4141 uapulabit
767 4073 979 4143 paucis3
1033 4074 1127 4143 qui
1175 4075 1379 4128 autem.
1403 4075 1509 4128 scit
1562 4078 1618 4129 et
1665 4090 1772 4129 non
1816 4074 1951 4129 facit
1999 4091 2061 4129 ea
2107 4078 2252 4142 (eam
2285 4076 2368 4131 ed.
2403 4076 2698 4143 Baluzius)

438 4157 721 4227 copulabit
758 4158 960 4213 multis.
1017 4158 1088 4214 Et
1123 4161 1191 4214 tu
1223 4160 1397 4228 specis
1427 4159 1782 4228 professionis
1897 4206 1905 4212 .
1985 4160 2054 4215 25
2096 4161 2286 4231 inquit
2324 4168 2409 4218 ter
2443 4162 2700 4232 &inceps

438 4259 510 4298 ex
543 4244 736 4313 inquid
771 4260 912 4300 corr.
949 4261 1021 4301 m.
1055 4247 1097 4301 2
1132 4246 1188 4301 Β
1903 4267 1906 4270 ·
2439 4291 2442 4296 .
2629 4287 2634 4292 «
