3380 4919
1313 236 1650 304 epistolae
1697 236 1789 289 VI.
1829 236 1951 289 VII.
2631 237 2759 303 215

505 446 689 509 supra
755 426 1048 499 diximuS,
1119 424 1347 491 delatio
1417 424 1609 488 officii
1679 424 1894 508 fugere
1962 425 2274 499 honorem,
2343 423 2756 488 dissimulatio

505 530 797 595 affectare
843 528 1147 592 uideatur.
1217 544 1485 607 congrue
1531 546 1673 610 ergo
1706 529 1768 591 et
1815 525 2036 591 multis
2068 527 2268 592 modis
2298 525 2817 592 rationabiliter-⁵3

507 637 715 698 actum
762 632 876 706 est,
923 634 996 695 ut
1042 648 1154 713 ego
1199 628 1275 693 ad
1321 648 1428 693 uos
1473 631 1642 712 prius
1676 631 2025 695 scriberem.
2093 632 2385 713 primum,
2433 633 2577 711 quia
2620 633 2755 694 tur-

504 737 667 821 piter
712 738 786 800 ad
830 735 1122 799 honorem
1167 733 1440 798 ambisse
1496 733 1745 798 uiderer
1788 733 2075 798 inferior:
2137 732 2370 814 deinde,
2437 734 2599 815 quod
2642 750 2755 797 uos

460 840 583 905 sab
640 838 809 903 omni
875 836 1297 901 huiuscemodi
1366 835 1674 917 opinionis
1740 839 1888 901 nota
1940 836 2034 915 ita
2089 855 2332 901 morum
2404 836 2755 900 uestrorum

504 942 770 1024 dignitas
837 940 1135 1023 uindicat,
1204 942 1275 1002 ut
1310 957 1521 1021 ,paene
1591 938 1882 1020 quicquid
1927 959 1966 1003 a
2009 940 2183 1004 uobis
2240 939 2331 1014 fit,
2402 939 2564 1004 nihil
2629 958 2753 1004 non

503 1047 668 1109 recte
715 1044 949 1109 factum
995 1061 1128 1108 esse
1174 1043 1488 1108 credatur:
1548 1043 1881 1125 postremo,
1932 1046 2111 1124 quod,
2157 1042 2400 1108 etiamsi
2443 1043 2558 1108 hoc
2604 1060 2744 1107 con·
2769 1042 2813 1105 4

503 1147 642 1212 silio
688 1165 795 1212 uos
839 1148 917 1212 ad
963 1166 1064 1211 me
1112 1164 1235 1210 non
1280 1145 1706 1228 scripsissetiS,
1754 1146 1825 1209 ut
1855 1163 1966 1229 ego
2011 1149 2298 1227 peccator
2331 1146 2394 1210 et
2421 1145 2751 1212 inbecillus

502 1252 674 1331 prius
720 1250 1020 1315 deferrem
1066 1248 1270 1316 officia
1314 1268 1501 1330 quam
1552 1268 1883 1329 sumerem,
1946 1248 2047 1331 pio
2091 1250 2291 1333 magis
2337 1249 2404 1313 id
2449 1267 2558 1314 uos
2604 1265 2749 1313 con-

433 1374 483 1413 ιο
502 1354 642 1419 silio
709 1354 925 1418 fecisse
981 1352 1464 1418 existimandum
1520 1353 1656 1416 erat
1715 1371 1900 1433 quam
1961 1353 2306 1436 adroganti.
2384 1371 2525 1416 cum
2584 1352 2751 1416 enim

500 1458 695 1521 totius
741 1458 934 1521 ferme
980 1455 1359 1521 humilitatis
1407 1459 1470 1518 et
1514 1472 1702 1537 prope
1747 1456 2024 1519 omnium
2083 1455 2429 1520 officiorum
2474 1456 2750 1537 palmam

500 1559 741 1644 indepti
787 1560 947 1639 sitis,
995 1579 1116 1625 non
1147 1563 1276 1623 tam
1310 1559 1476 1623 credi
1507 1561 1749 1639 poterat
1781 1576 1892 1622 uos
1926 1559 2123 1623 amico
2154 1558 2426 1622 uoluisse
2455 1559 2749 1623 honorem

499 1680 725 1745 negare
773 1681 959 1745 quam
1006 1682 1157 1728 onus
1194 1661 1464 1726 noluisse
1509 1663 1822 1742 inponere.
1888 1662 2176 1743 quamuis
2210 1662 2374 1726 enim
2419 1660 2809 1726 honestum5

501 1767 563 1830 et
605 1765 970 1849 religiosum
1015 1766 1288 1831 studium
1336 1766 1416 1828 sit
1461 1782 1910 1846 praeoccupare
1960 1764 2324 1829 humilitate
2370 1766 2433 1829 et
2476 1766 2746 1840 uincere,

430 1889 481 1929 15
499 1872 710 1933 tamen
755 1869 999 1950 quando
1042 1868 1207 1932 inter
1250 1868 1430 1948 taleS‚
1480 1866 1552 1929 ut
1596 1886 1706 1931 nos
1752 1885 1984 1949 sumus,
2032 1866 2094 1932 id
2128 1872 2222 1931 est
2267 1868 2428 1932 inter
2474 1886 2750 1933 summos

500 1973 685 2052 atque
729 1971 1038 2048 infimum,
1080 1968 1509 2035 huiuscemodi
1554 1970 1876 2053 negotium
1909 1974 2025 2051 est,
2074 1971 2541 2035 abundantioris
2588 1973 2747 2035 cari-

498 2074 649 2139 tatis
692 2092 823 2137 rem
867 2073 1068 2138 maior
1113 2073 1289 2151 facit,
1336 2072 1390 2136 si
1435 2072 1658 2137 minori
1694 2073 1876 2137 cedat
1906 2073 2126 2137 officio.
2175 2073 2343 2151 haec,
2389 2074 2479 2137 mi
2510 2074 2749 2138 domini

497 2176 898 2260 uenerabileS,
941 2177 1118 2241 iuxta
1148 2177 1609 2258 opiniunculam
1656 2194 1863 2240 meam
1911 2195 2027 2240 non
2072 2181 2205 2240 tam
2248 2177 2747 2257 praesumptione

497 2280 792 2345 scientiae
848 2298 1034 2362 quam
1092 2281 1323 2343 honore
1378 2277 1767 2343 reuerentiae
1823 2282 2068 2342 uestrae
2128 2279 2453 2344 scribenda
2511 2280 2588 2343 ad
2635 2297 2744 2344 uos

428 2382 731 2466 zoputaui.
807 2383 862 2445 si
914 2382 1084 2446 aliud
1141 2400 1252 2447 uos
1309 2383 1538 2446 sentire
1593 2381 2024 2458 ostenderim,
2085 2400 2197 2464 ego
2252 2401 2508 2446 manum
2552 2384 2630 2447 ad
2675 2401 2743 2448 os
2764 2381 2803 2446 6

496 2504 706 2551 meum
754 2504 978 2566 ponam
1023 2488 1087 2549 et
1116 2485 1289 2549 iuxta
1319 2485 1669 2567 exemplum
1712 2484 1911 2550 sancti
1957 2486 2086 2562 Iob,
2134 2486 2241 2567 qui
2284 2490 2422 2567 post
2467 2487 2743 2552 diuinam

498 2608 713 2654 uocem
757 2589 823 2652 in
869 2590 1325 2671 comparatione
1370 2587 1679 2670 loquentis
1728 2588 1826 2654 dei
1870 2606 2133 2670 paruum
2178 2607 2242 2653 se
2274 2591 2337 2653 et
2381 2589 2744 2654 inbecillum

497 2709 629 2755 esse
683 2692 991 2774 cognouit,
1051 2693 1286 2757 terram
1343 2709 1462 2769 me,
1523 2691 1596 2756 ut
1647 2710 1806 2774 sum,
1868 2692 2212 2772 squalidam
2260 2696 2324 2757 et
2367 2692 2744 2776 insincerum

497 2795 762 2858 cinerem
833 2794 1117 2859 iudicabo
1183 2794 1538 2875 dicamque:
1606 2793 1765 2857 illud
1838 2794 2047 2858 ‘semel
2103 2795 2347 2860 locutus
2402 2796 2556 2861 sum'
2618 2815 2743 2861 non

427 2918 478 2959 25
496 2896 779 2961 adiciam.
856 2916 968 2961 nec
1020 2897 1340 2961 inmerito:
1403 2896 1673 2960 incidere
1732 2898 1897 2961 enim
1941 2897 2008 2961 in
2052 2898 2244 2963 falsae
2291 2900 2598 2981 opinionis
2646 2919 2741 2964 er-

495 3017 713 3077 rorem,
769 3001 1131 3082 priusquam
1189 3018 1338 3064 uera
1394 3016 1745 3081 cognoscas,
1802 2999 2055 3082 inperiti
2103 3002 2297 3066 animi
2343 3004 2436 3066 est
2480 3007 2543 3067 et
2589 3002 2743 3067 sim-

493 3091 688 3183 pliciS‚
735 3120 1129 3183 perseuerare
1168 3120 1314 3166 uero
1349 3101 1414 3165 in
1445 3120 1535 3181 eo,
1581 3102 1909 3184 postquam
1943 3105 2292 3185 agnoueris‚
2340 3107 2740 3171 contumacis.

494 3203 718 3269 ualete.

697 3435 762 3487 25
800 3434 915 3488 Iob.
950 3435 1036 3498 39,
1072 3435 1140 3488 35

594 3647 627 3700 6
662 3646 727 3700 fit
765 3648 1049 3702 Pithoeus:
1096 3649 1170 3702 sit
1207 3649 1252 3704 Ο
1453 3652 1488 3705 8
1525 3650 1835 3705 scribsis&is
1879 3652 1997 3717 (sic)
2036 3651 2081 3706 0
2274 3651 2544 3706 inbicillus
2579 3657 2642 3707 ut
2675 3653 2741 3706 in

490 3732 583 3798 fin.
642 3734 794 3801 epist.
848 3733 1152 3788 inbicillum
1214 3737 1259 3790 G
1463 3737 1528 3789 13
1583 3736 1752 3790 honus
1806 3736 1901 3790 sed
1947 3736 1983 3789 h
2037 3753 2104 3791 ex
2149 3744 2317 3805 parte
2372 3754 2507 3793 eras·
2562 3738 2609 3794 G

491 3818 558 3871 18
609 3818 929 3872 uenerabilis
991 3820 1037 3874 Ο
1260 3822 1325 3874 19
1378 3820 1566 3875 scienti
1627 3823 1673 3878 Ο
1885 3822 1952 3875 22
1998 3823 2057 3875 in
2104 3825 2496 3891 comparatione
2544 3825 2590 3880 G
2640 3842 2736 3880 em.

488 3904 918 3971 Rittershusius3
955 3906 1056 3973 cfr.
1083 3905 1209 3960 Ind-
1238 3907 1350 3959 III
1365 3923 1407 3960 s.
1432 3924 1489 3963 u.
1525 3908 1853 3977 comparatio
2061 3908 2130 3962 24
2166 3909 2395 3963 cinerem
2440 3911 2486 3965 G
2516 3917 2569 3966 et
2597 3914 2736 3966 coni.

488 3989 617 4043 ΡΧ
631 3990 851 4043 Hirner
903 3991 937 4045 l.
993 3992 1027 4045 l.
1081 4007 1135 4059 p.
1185 3995 1250 4046 14
1309 3992 1528 4046 cicerem
1583 3992 1702 4048 edd.
1954 3993 2020 4046 27
2076 3997 2397 4049 contumacis
2448 3996 2738 4051 Halmius:

490 4080 823 4131 contumaces
870 4079 916 4133 0
947 4078 1329 4144 (contumaciae
1365 4079 1508 4148 edd.)
1716 4081 1785 4134 28
1823 4080 2011 4135 ualete.
2048 4081 2172 4135 finit
2207 4083 2277 4147 03
2322 4083 2383 4136 in
2419 4100 2523 4153 quo
2559 4084 2739 4153 sequi-

489 4166 580 4215 twr
615 4163 769 4231 θρόει.
809 4163 971 4217 IIII
1001 4179 1171 4233 usque
1206 4164 1281 4217 ad
1315 4164 1483 4219 uerba
1519 4165 1849 4234 supplicante
1885 4166 2039 4220 uobis
2072 4173 2120 4232 §-
2157 4171 2229 4222 17
