3380 4919
635 318 711 382 16
1598 319 1879 374 Saluian

626 510 929 590 scriptura
959 527 1150 592 sacra,
1200 512 1398 592 quod
1445 508 1696 574 multa
1740 509 2061 575 malitia
2106 510 2501 577 hominum
2547 519 2757 579 esset
2801 517 2877 581 in

627 615 840 678 terra
899 616 972 676 et
1017 614 1300 678 cuncta
1367 613 1746 697 cogitatio
1817 615 2075 679 cordis
2143 615 2468 680 intenta
2527 618 2740 682 esset
2784 623 2875 685 ad

625 715 904 781 malum
950 717 1152 781 omni
1199 718 1575 797 tempore,
1622 717 2025 797 paenituit
2058 736 2223 782 eum
2254 721 2448 800 quod
2493 718 2875 785 hominem

627 819 956 883 fecisset
1022 821 1100 883 in
1168 820 1411 896 terra,
1483 823 1557 882 et
1601 820 1868 884 tactus
1925 821 2195 885 dolore
2251 822 2514 886 cordis
2575 823 2873 888 intrin-

624 940 878 1001 secae,
950 921 1268 1004 delebo,
1333 922 1635 1004 inquit,
1704 921 2096 988 hominem
2164 942 2383 1007 quem
2457 929 2769 1004 creaui,
2836 945 2873 991 a
2917 955 2942 996 5

524 1021 604 1086 32
625 1025 824 1090 facie
870 1025 1154 1090 terrae.
1226 1025 1678 1090 consideremus
1736 1026 2256 1106 quemadmodum
2314 1026 2382 1090 in
2427 1028 2521 1092 his
2583 1030 2870 1094 omnibus

624 1130 686 1192 et
730 1127 1083 1193 sollicitudo
1144 1126 1377 1192 domini
1438 1127 1671 1210 pariter
1716 1129 1782 1193 et
1838 1128 2136 1194 seueritas
2189 1130 2517 1196 indicetur.
2594 1133 2871 1216 primum

626 1231 792 1296 enim
845 1231 934 1295 ait
997 1229 1232 1295 ‘uidens
1289 1234 1501 1296 autem
1561 1231 1752 1311 deus',
1811 1231 2075 1296 secundo
2144 1233 2365 1299 ‘tactus
2412 1234 2623 1300 dolore
2672 1236 2871 1300 cordis

622 1334 1037 1418 intrinsecus’,
1083 1336 1266 1401 tertio
1318 1334 1570 1419 ‘delebo,
1618 1334 1844 1417 inquit,
1891 1335 2202 1400 hominem
2248 1356 2432 1419 quem
2477 1338 2725 1405 creaui'.
2805 1340 2869 1405 in

621 1438 738 1503 hoc
804 1437 1132 1521 siquidem,
1201 1438 1365 1519 quod
1431 1436 1646 1503 uidere
1715 1440 1921 1504 omnia
1988 1439 2136 1503 deus
2204 1439 2451 1520 dicitur,
2524 1460 2674 1507 cura
2741 1441 2941 1510 eiusm

622 1542 992 1625 ostenditur,
1037 1541 1104 1605 in
1148 1541 1284 1624 hoc,
1333 1541 1493 1622 quod
1525 1541 1713 1620 dolet,
1760 1543 1958 1606 terror
1982 1541 2151 1616 irati,
2198 1544 2264 1606 in
2294 1544 2425 1625 hoc,
2473 1545 2634 1627 quod
2667 1547 2868 1630 punit,

622 1644 917 1710 seueritas
975 1643 1335 1710 iudicantis.
1411 1643 1739 1724 ‘paenituit
1794 1662 1938 1727 ergo
2005 1645 2230 1724 deum’,
2297 1646 2504 1728 inquit
2561 1647 2871 1730 scriptura

624 1766 811 1822 sacra,
876 1749 1053 1830 ‘quod
1112 1747 1423 1811 hominem
1481 1746 1729 1811 fecisset
1771 1746 1835 1811 in
1882 1747 2087 1825 terra'‚
2155 1766 2277 1812 non
2322 1749 2483 1831 quod
2530 1752 2677 1814 deus
2725 1750 2869 1816 huic

623 1850 707 1913 sit
749 1849 1042 1913 obnoxius
1110 1849 1308 1914 motui
1375 1853 1486 1913 aut
1553 1850 1668 1914 ulli
1738 1849 2059 1913 subiaceat
2125 1850 2414 1933 passioni,
2491 1856 2596 1918 sed
2664 1872 2866 1918 sermo

622 1951 871 2016 diuinus
938 1952 1015 2015 ad
1083 1952 1520 2017 insinuandam
1589 1951 1835 2034 plenius
1902 1951 2077 2016 nobis
2144 1972 2360 2018 ueram
2416 1954 2870 2039 scripturarum
2889 1984 2938 2026 15

622 2055 1145 2138 intellegentiam,
1204 2056 1376 2137 quasi
1432 2055 1703 2120 humano
1760 2056 2082 2120 nobiscum
2137 2056 2360 2121 affectu
2385 2112 2390 2117 .
2417 2059 2704 2140 loquens,
2753 2063 2868 2126 sub

622 2158 870 2222 nomine
914 2159 1288 2239 paenitentis
1336 2159 1434 2223 dei
1482 2160 1613 2224 uim
1661 2160 2109 2225 demonstrauit
2155 2161 2333 2243 irati3
2381 2161 2474 2226 ira
2518 2164 2616 2227 est
2661 2167 2869 2230 autem

520 2258 603 2323 33
621 2261 974 2326 diuinitatis
1020 2279 1219 2343 poena
1261 2263 1591 2345 peccantis,
1655 2263 1803 2346 quid
1850 2283 1993 2347 ergo
2039 2265 2361 2345 posthaec
2391 2269 2675 2330 secutum
2721 2270 2869 2333 est?

624 2382 830 2442 cum,
889 2365 1124 2447 inquit,
1186 2364 1529 2429 uidisset
1575 2366 1760 2430 deus
1808 2367 2100 2431 terram
2157 2386 2331 2432 esse
2389 2376 2868 2453 corruptam,

624 2468 827 2533 dixit
873 2470 965 2533 ad
1008 2470 1197 2535 Noe:
1266 2470 1456 2534 finis
1524 2470 1947 2536 uniuersae
2016 2471 2272 2537 carnis
2337 2474 2560 2537 uenit
2614 2492 2939 2538 corameo

623 2591 765 2655 me,
836 2572 1143 2655 repleta
1197 2577 1310 2638 est
1366 2574 1577 2637 terra
1633 2573 2075 2655 iniquitate
2121 2594 2157 2638 a
2215 2575 2429 2638 facie
2491 2594 2750 2640 eorum
2796 2579 2869 2640 et

624 2692 761 2756 ego
819 2659 1283 2755 disperdam
1323 2693 1451 2738 eos
1510 2694 1676 2739 cum
1724 2679 1952 2739 terra.
2024 2676 2279 2757 etquid
2324 2679 2585 2757 postea?
2651 2680 2867 2759 rupti

624 2779 833 2854 sunt,
895 2776 1134 2856 inquit,
1196 2794 1451 2840 omnes
1506 2776 1771 2840 fontes
1830 2777 2096 2859 abyssi
2158 2796 2487 2860 magnae
2535 2782 2613 2843 et
2660 2781 2866 2845 cata-

624 2883 888 2944 ractae
934 2879 1139 2943 caeli
1184 2880 1508 2961 apertae
1553 2881 1737 2944 sunt
1780 2878 2145 2961 factaque
2184 2884 2609 2963 estpluuia
2640 2902 2868 2966 super

827 3060 890 3113 19
928 3058 1058 3113 Gen.
1098 3060 1146 3126 6,
1186 3059 1252 3112 12
1457 3059 1525 3113 23
1561 3057 1695 3115 Gen.
1734 3060 1782 3124 7,
1822 3060 1884 3113 11·

618 3226 791 3291 ptura.
833 3238 982 3276 sacra
1031 3222 1164 3287 fort.
1218 3223 1455 3277 delenda
1507 3239 1617 3278 esse
1660 3229 1830 3292 putat
1880 3226 2138 3280 Halmius
2172 3231 2235 3280 ut
2280 3228 2351 3280 sit
2397 3227 2576 3295 inquit
2622 3235 2868 3285 ‘nostrum

617 3310 807 3364 ‘heisst
852 3309 948 3373 θές
1001 3309 1176 3363 malui
1221 3324 1354 3363 uero
1400 3310 1466 3363 de
1510 3312 1942 3379 transpositione
1987 3313 2224 3383 coyitare
2267 3314 2419 3367 haud
2460 3329 2591 3368 raro
2627 3321 2679 3369 et
2714 3317 2776 3369 iu
2812 3317 2867 3370 A

619 3398 810 3464 obuia,
845 3397 1169 3465 praesertim
1203 3412 1323 3450 cum
1355 3397 1485 3451 haec
1529 3397 1742 3451 citandi
1775 3399 1922 3453 ratio
1958 3398 2226 3454 Saluiano
2261 3400 2534 3456 sollemnis
2568 3416 2677 3455 esse
2711 3402 2866 3457 uide·

618 3490 748 3537 atwr
782 3483 853 3550 cf.
894 3482 1015 3536 III
1041 3487 1078 3537 8
1112 3483 1222 3547 bis,·
1274 3484 1338 3537 iu
1362 3482 1561 3550 primis
1594 3483 1820 3538 aduerte
1851 3485 2094 3552 priorem
2128 3486 2323 3552 locum,
2360 3486 2454 3540 ubi
2489 3492 2595 3541 est.-
2642 3489 2735 3556 qui
2773 3490 2864 3555 (sc.

619 3570 766 3638 deus)
813 3570 998 3623 iussitz
1051 3569 1324 3635 maledici,
1372 3568 1552 3637 inquit
1595 3585 1767 3623 sermo
1814 3569 2029 3624 diuinus
2045 3612 2058 3637 ,
2105 3587 2326 3639 regnum
2363 3578 2477 3636 etc„
2521 3574 2617 3627 ubi
2660 3575 2865 3628 maiore

616 3656 740 3709 iure
784 3655 850 3708 de
892 3655 1202 3723 ylossemate
1244 3655 1307 3709 iu
1348 3671 1446 3709 uu.
1488 3670 1657 3709 sermo
1707 3655 1816 3711 diu.
1851 3657 2203 3724 coyitaueri83
2258 3657 2397 3711 1111
2423 3662 2489 3724 2;
2552 3658 2642 3712 VI
2672 3662 2707 3713 5
2716 3680 2737 3727 ,·
2792 3660 2867 3713 ad

618 3743 823 3797 Eccles.
861 3741 903 3795 Ι
933 3744 982 3795 ¹7.
1019 3741 1136 3796 ΙΙΙ
1166 3746 1250 3796 10.
1287 3746 1368 3797 12.
1406 3747 1471 3797 19
1495 3748 1593 3797 etc.
1786 3744 1819 3797 3
1854 3744 2118 3811 poenituit
2151 3744 2207 3797 A
2241 3746 2337 3812 qui
2372 3746 2513 3799 alias
2538 3746 2866 3814 plerumque

617 3827 859 3897 penituit
900 3828 992 3881 uel
1034 3827 1270 3895 penituit
1314 3829 1505 3896 habet5
1559 3828 1795 3897 penituit
1831 3829 1946 3895 (sic)
1985 3829 2039 3881 B
2248 3829 2313 3882 10
2354 3830 2481 3883 deus
2520 3847 2561 3885 s.
2598 3832 2635 3888 l.
2671 3833 2727 3884 B

618 3914 683 3967 11
719 3913 944 3982 punitur
979 3914 1033 3966 A
1238 3915 1304 3967 12
1347 3929 1470 3983 ergo
1515 3914 1696 3983 inquit
1732 3914 1887 3967 deum
1924 3930 2072 3967 sacra
2107 3930 2204 3967 scr.
2240 3915 2380 3983 quod
2413 3916 2525 3970 AB
2595 3917 2741 3983 ‘fora
2779 3918 2863 3969 in·

618 3999 740 4067 quit
785 4014 906 4053 eum
957 3999 1242 4068 [scriptura
1287 4000 1452 4069 sacra]
1503 3999 1658 4067 quod’
1708 3999 1996 4067 Halmiu83
2048 4016 2146 4055 uos
2191 4001 2390 4055 iterum
2424 4004 2863 4070 transposuimus

618 4084 730 4138 duo
763 4101 858 4137 uu.
895 4090 960 4138 ut
983 4099 1158 4152 swpra
1191 4090 1240 4148 §.
1269 4087 1338 4137 31
1510 4085 1574 4138 15
1609 4100 1787 4137 ueram
1824 4100 1893 4138 ex
1926 4101 2100 4138 rerum
2134 4086 2196 4139 in
2231 4103 2264 4139 v
2299 4102 2436 4140 corr.
2462 4088 2861 4140 Brassicauus‘:

617 4187 794 4225 rerum
829 4171 938 4224 AB
1148 4170 1210 4223 16
1258 4170 1676 4239 intelligentiam
1720 4171 1808 4225 hic
1843 4176 1893 4223 et
1927 4171 1981 4223 A
2187 4171 2256 4225 20
2299 4175 2473 4226 terrae
2507 4188 2548 4225 s.
2584 4187 2685 4226 scr.
2720 4188 2787 4224 m.
2826 4174 2857 4223 1

616 4257 787 4312 carnis
821 4256 877 4310 B
1084 4255 1151 4309 23
1186 4258 1385 4310 cataam
1418 4259 1629 4324 apertae
1664 4256 1719 4308 A
