3380 4919
1165 332 1239 384 ad
1278 333 1623 387 ecclesiam
1676 333 1767 387 111
1810 335 1840 401 ἓ
1876 334 2097 388 40—45.
2635 337 2764 402 283

504 539 800 585 omnesne
867 542 1008 588 cum
1076 522 1224 586 filiis
1282 541 1357 586 an
1419 541 1628 589 omnes
1693 522 1829 587 sine
1894 524 2039 587 filiis
2105 524 2383 588 fuerint?
2450 528 2759 602 neutrum,

503 625 748 707 opinor;
819 627 993 691 nulla
1053 628 1216 690 enim
1279 626 1574 692 ecclesiae
1633 629 1811 710 plebs
1872 627 1970 691 est
2020 643 2141 691 non
2183 627 2264 690 de
2309 626 2572 709 utroque
2614 645 2761 708 per-

500 729 717 793 mixta.
810 729 1175 811 intellegere
1242 746 1388 812 ergo
1462 732 1726 811 possunt
1801 729 2170 811 quicumque
2243 747 2315 793 ex
2380 728 2758 793 Christianis

500 829 666 896 filios
711 848 833 895 non
878 832 1126 909 habent,
1174 831 1274 896 cui
1306 832 1653 915 relinquere
1684 833 2075 897 substantias
2107 850 2252 896 suas
2283 831 2564 915 debeant,
2615 850 2760 896 cum

459 934 756 999 suideant
802 936 903 999 cui
947 935 1311 1017 reliquerint
1355 940 1509 1000 tunc
1554 936 1651 1000 illi
1684 936 1845 1001 filios
1877 954 2000 1001 non
2033 934 2353 1000 habentes·
2415 935 2514 999 sin
2546 938 2760 1000 autem

504 1035 752 1117 habent,
800 1037 1047 1102 discant
1090 1038 1240 1121 quid
1287 1038 1476 1104 etiam
1523 1041 1689 1123 ipsos
1738 1040 2019 1122 oporteat
2054 1040 2276 1118 facere,
2327 1056 2471 1102 cum
2501 1037 2760 1101 uideant

500 1142 653 1206 tunc
695 1143 983 1223 parentes
1028 1160 1301 1206 amorem
1348 1143 1447 1208 dei
1492 1143 1640 1208 filiis
1686 1144 2074 1226 praetulisse.
2151 1141 2343 1207 habet
2386 1141 2579 1224 igitur
2624 1160 2757 1206 om·
2779 1136 2866 1201 44

500 1244 596 1308 nis
641 1248 815 1309 aetas
860 1243 1048 1308 habet
1093 1246 1296 1309 omnis
1344 1245 1621 1311 condicio
1655 1247 1820 1329 quod
1865 1247 2193 1328 sequatur:
2242 1244 2618 1328 quicumque
2664 1247 2760 1307 est

498 1346 811 1429 particeps
857 1347 1003 1412 fidei
1049 1349 1419 1432 participem
1464 1369 1530 1414 se
1561 1351 1727 1415 beati
1774 1350 1970 1415 faciat
2015 1349 2304 1432 exempli.
2366 1348 2419 1412 si
2464 1348 2563 1413 illi
2607 1348 2759 1411 tunc

433 1452 577 1515 1oob
643 1450 827 1515 deum
895 1450 1197 1516 donantes
1265 1453 1475 1516 omnia
1540 1471 1654 1517 sua
1721 1454 1916 1517 etiam
1971 1471 2038 1517 se
2093 1452 2257 1536 ipsos
2315 1450 2760 1517 exheredauere

499 1555 804 1630 uiuentes,
851 1555 1072 1619 discite
1118 1572 1249 1633 noe,
1298 1572 1694 1636 quaesumuS‚
1740 1553 1904 1619 bona
1947 1558 2157 1620 uestra
2201 1555 2304 1620 uel
2349 1554 2469 1636 ipsi
2513 1553 2759 1619 heredi-

498 1657 634 1721 tare
680 1656 1033 1722 morientes,
1109 1658 1352 1741 oportet
1396 1659 1621 1742 quippe
1668 1676 1801 1742 uos,
1849 1658 2008 1723 mihi
2054 1658 2303 1736 credite,
2358 1657 2549 1723 etiam
2594 1657 2761 1722 inter

499 1758 661 1824 filios
728 1762 968 1826 uestros
1035 1761 1260 1826 salutis
1327 1761 1801 1844 animarumque
1868 1762 2218 1826 uestrarum
2272 1778 2394 1825 non
2452 1758 2756 1826 obliuisci.

498 1863 842 1945 propinqua
899 1866 1063 1928 enim
1119 1864 1329 1928 uestra
1383 1865 1642 1947 pignora
1701 1883 1854 1929 esse·
1893 1862 2071 1928 uobis
2118 1866 2183 1928 et
2245 1863 2759 1928 coniunctissima

432 1988 482 2028 15
499 1967 651 2032 satis
695 1970 938 2032 certum
984 1970 1112 2033 est:
1176 1968 1303 2047 sed,
1363 1969 1522 2032 mihi
1567 1968 1821 2044 credite,
1883 1986 2065 2033 nemo
2110 1966 2287 2033 uobis
2332 1966 2755 2050 propinquior,
2826 1964 2836 1976 ‘

500 2088 683 2134 nemo
729 2071 1111 2135 coniunctior
1141 2089 1328 2152 quam
1360 2089 1469 2136 uos
1503 2073 1646 2153 ipsi.
1701 2075 1905 2137 amate
1935 2072 2168 2155 itaque,
2214 2090 2339 2136 non
2369 2070 2754 2147 obsistimuS‚

500 2176 708 2237 amate
768 2172 930 2238 filios
992 2176 1252 2249 uestroS,
1322 2177 1427 2239 sed
1486 2179 1699 2239 tamen
1744 2175 2008 2238 secundo
2055 2192 2093 2238 a
2137 2173 2318 2238 uobis
2363 2173 2597 2254 gradu:
2664 2173 2757 2236 ita

499 2276 642 2341 illos
700 2275 969 2359 diligite,
1032 2296 1109 2340 ne
1155 2295 1267 2342 uos
1327 2278 1529 2341 odisse
1590 2276 1964 2352 uideamini;
2032 2275 2427 2340 inconsultus
2488 2293 2758 2356 namque

502 2380 566 2443 et
609 2379 846 2444 stultus
912 2397 1086 2444 amor
1156 2380 1254 2445 est
1319 2379 1579 2444 alterius
1647 2398 1887 2444 memor
1948 2381 2011 2443 et
2072 2377 2167 2443 sui
2211 2378 2537 2442 inmemor.
2611 2394 2756 2442 non

429 2483 895 2565 soaccipiet‚
962 2482 1171 2565 inquit
1236 2482 1547 2566 scriptura
1611 2501 1818 2567 sacra,
1893 2481 2425 2564 iniquitatem
2502 2482 2757 2562 patris

501 2586 777 2665 filius,
835 2604 1079 2667 neque
1138 2588 1363 2667 pater
1421 2585 1768 2668 accipiet
1825 2584 2347 2666 iniquitatem
2399 2583 2568 2648 filii
2614 2583 2755 2649 sui.

502 2694 566 2754 et
607 2689 925 2772 apostolus
969 2707 1162 2754 unus
1206 2688 1565 2770 quisque,
1609 2688 1840 2771 inquit,
1886 2689 2289 2770 proprium
2320 2706 2508 2753 onus
2538 2707 2753 2753 suum

499 2793 887 2875 portabit

585 2931 695 2997 XI.
756 2932 1036 2998 Relictae
1083 2934 1293 3014 itaque
1350 2931 1498 2996 filiis
1559 2930 1818 2996 diuitiae
1864 2934 2152 3014 parentes
2197 2950 2321 2996 non
2364 2930 2630 2995 liberant
2679 2929 2861 2997 de45

432 3056 482 3096 25
502 3035 926 3112 mendicitate,
984 3037 1177 3101 immo
1222 3035 1442 3100 relicta
1489 3035 1873 3100 inmoderate
1920 3035 2067 3100 filiis
2113 3034 2380 3100 facultas
2425 3034 2755 3117 parentum

505 3141 596 3204 est
641 3141 1021 3220 sempiterna
1065 3137 1454 3220 mendicitaS‚
1503 3156 1575 3202 ac
1619 3158 1729 3221 per
1774 3138 1891 3203 hoc
1936 3138 2093 3203 nulli
2137 3136 2504 3223 parentibus
2552 3136 2755 3220 magis

708 3358 775 3411 19
810 3358 998 3412 Ezech.
1041 3359 1123 3424 18,
1157 3358 1225 3411 20
1428 3358 1497 3410 22
1532 3356 1653 3410 Gal.
1690 3358 1741 3422 6,
1778 3357 1813 3412 5
1877 3353 1882 3358 ’

607 3565 633 3617 1
673 3579 740 3618 an
777 3580 843 3618 ex
879 3580 940 3618 ac
975 3579 1116 3617 corr.
1150 3579 1220 3617 m.
1257 3567 1294 3617 2
1327 3564 1384 3617 B
1581 3564 1614 3616 5
1651 3562 2004 3630 relinquerint
2040 3562 2094 3615 B
2291 3562 2322 3615 7
2360 3577 2592 3615 amorem
2627 3561 2755 3615 filiis

502 3651 722 3718 (punct.
759 3651 807 3704 is
845 3656 896 3705 et
930 3667 972 3704 8.
1008 3666 1110 3704 scr.
1145 3666 1215 3708 m.
1254 3652 1294 3705 2
1331 3652 1504 3715 orum)
1552 3649 1636 3703 dei
1670 3648 1803 3702 filiis
1838 3650 1893 3702 A
1939 3652 1993 3701 et
2026 3647 2200 3702 deleto
2226 3648 2417 3715 priore
2452 3646 2583 3701 filiis
2618 3663 2685 3702 m.
2725 3652 2756 3702 1

500 3737 556 3794 B
751 3735 922 3804 igitur
958 3751 999 3788 s.
1040 3736 1076 3789 l.
1114 3734 1243 3789 add.
1279 3750 1349 3789 m.
1373 3737 1414 3789 2
1447 3735 1538 3789 uel
1573 3739 1604 3789 1
1641 3735 1698 3788 A
1893 3732 1959 3786 12
1986 3738 2116 3802 post
2150 3733 2437 3786 morientes
2464 3748 2510 3802 p
2546 3737 2597 3787 et
2632 3732 2754 3787 cdd.

500 3828 631 3876 ante
664 3822 976 3881 Halmium:
1011 3837 1145 3891 quae
1179 3819 1409 3888 quidem,
1445 3825 1508 3875 ut
1543 3820 1673 3886 dixi,
1708 3821 1871 3874 etiam
1907 3834 2021 3882 uos,
2059 3834 2089 3871 o
2125 3818 2426 3872 fidelissimi
2462 3817 2634 3883 (infid.
2671 3818 2754 3874 ed.

500 3908 789 3974 Baluzius)
815 3911 1080 3977 parentes,
1119 3907 1380 3964 curiosius
1403 3908 1774 3975 attentiusque
1802 3921 1897 3973 pro
1922 3905 2075 3959 uobis
2099 3904 2351 3958 conuenit
2374 3905 2615 3973 cogitare

501 3994 569 4049 22
602 3995 848 4063 proprius
886 3994 941 4047 A
1127 3994 1198 4047 25
1231 3992 1418 4050 relicta
1456 3994 1536 4047 B:
1573 3992 1761 4047 relicto
1797 3991 1874 4046 ad
1908 4006 1939 4044 ο
1977 3991 2061 4045 lit.
2098 3990 2328 4059 adpicta
2361 4006 2391 4045 c
2423 4007 2494 4044 m.
2523 3996 2573 4056 1,
2610 4007 2755 4060 quae

501 4094 532 4131 a
564 4080 655 4134 uel
690 4095 748 4133 cc
794 4081 954 4148 (quae
988 4079 1206 4133 litterae
1238 4079 1420 4144 forma
1465 4083 1664 4146 aperta
1708 4092 1872 4144 saepe
1906 4081 1958 4131 et
1990 4076 2054 4131 in
2085 4077 2184 4131 hoc
2219 4076 2337 4131 cod.
2375 4078 2614 4131 remi-it
2649 4077 2755 4143 cfr.

504 4164 814 4219 Sita-Ber.
844 4182 906 4234 p.
946 4167 1003 4233 7)
1044 4164 1282 4233 pinyere
1327 4164 1506 4219 uoluit
1540 4166 1683 4233 (erqo
1718 4177 1846 4215 non*
1869 4177 1931 4215 ae
1964 4168 2031 4216 ut
2065 4163 2220 4229 apud
2255 4162 2560 4228 Halmium)
2600 4167 2652 4216 et
2687 4178 2757 4215 m.

502 4252 558 4316 2,
592 4257 654 4305 ut
689 4251 862 4321 maqis
897 4256 1094 4318 aperta
1127 4250 1408 4317 scriptura
1443 4254 1593 4314 esset,
1626 4264 1671 4303 ε.
1708 4263 1810 4303 scr.
1831 4264 1881 4306 ,a
