3380 4919
606 248 737 313 216
1583 244 1895 299 Saluiani

1371 520 1833 605 EPISTOLA
1897 521 2091 604 VIII.

549 729 581 792 1
647 729 969 795 Domino
1015 731 1091 794 et
1135 729 1344 799 dulci
1389 747 1519 795 suo
1554 728 1934 794 Eucherio
1981 729 2344 811 episcopo
2382 696 2812 794 Saluianus,

688 849 840 933 Legi
884 850 1091 928 libroS‚
1139 866 1291 933 quos
1336 848 1768 928 transmisisti,
1830 849 1977 913 stilo
2023 849 2242 913 breues
2289 848 2568 913 doctrina
2611 849 2854 922 ubereS,

600 953 862 1017 lectione
910 951 1222 1035 expeditos
1267 953 1678 1018 instructione
1725 952 2051 1034 perfectoS,
2099 951 2298 1016 menti
2343 953 2490 1015 tuae
2520 953 2585 1014 et
2630 950 2856 1032 pietati

600 1075 797 1138 pares,
868 1074 980 1120 nec
1024 1056 1235 1134 miror,
1283 1057 1444 1138 quod
1488 1057 1622 1121 tam
1664 1056 1820 1121 utile
1866 1073 1940 1120 ac
1984 1055 2312 1137 pulchrum
2353 1071 2504 1137 opus
2548 1056 2625 1118 ad
2670 1051 2852 1116 insti·
2900 1073 2927 1114 ⁵

600 1159 911 1224 tutionem
955 1158 1352 1241 potissimum
1396 1162 1756 1224 sanctorum
1789 1176 1863 1223 ac
1892 1158 2217 1222 beatorum
2260 1157 2594 1241 pignorum
2642 1155 2853 1221 condi·

539 1267 580 1331 2
600 1261 770 1325 disti.
840 1280 984 1326 cum
1042 1261 1211 1325 enim
1269 1261 1564 1327 eximium
1610 1261 1677 1325 in
1724 1261 1814 1326 eis
1874 1261 2181 1342 templum
2239 1261 2349 1324 deo
2410 1258 2851 1338 aeditimum-is,

599 1366 880 1429 doctrina
941 1380 1136 1429 nouae
1192 1364 1558 1430 eruditionis
1613 1365 1791 1448 quasi
1856 1382 2172 1428 summum
2240 1362 2502 1428 aedificii
2565 1362 2663 1427 tui
2719 1362 2852 1427 cul-

594 1484 738 1532 men
799 1469 1066 1545 ornasti,
1135 1468 1197 1531 et
1261 1469 1334 1533 ut
1399 1468 1636 1533 indoles
1699 1471 1947 1533 sanctae
2014 1485 2200 1549 aeque
2258 1466 2540 1531 doctrina
2597 1483 2670 1531 ac
2712 1463 2850 1530 uita

597 1568 1103 1646 inlustrarentur,
1174 1589 1323 1653 quos
1388 1572 1616 1636 morali
1678 1571 2075 1635 institutione
2139 1570 2518 1634 formaueras
2578 1568 2848 1651 spiritali
2871 1589 2924 1628 ιο

599 1674 1008 1737 instructione
1054 1674 1379 1738 decorasti.
1443 1679 1728 1757 superest
1774 1675 1847 1738 ut
1877 1675 2162 1738 dominus
2201 1674 2349 1737 deus
2395 1675 2626 1752 noster,
2675 1671 2850 1737 cuius

599 1774 759 1838 dono
806 1774 1336 1839 admirandissimi
1380 1776 1632 1840 iuuenes
1678 1775 1837 1839 tales
1882 1779 2048 1853 sunt,
2096 1793 2273 1857 pares
2306 1793 2410 1838 eos
2439 1774 2630 1838 faciat
2673 1773 2851 1837 libris

601 1879 753 1947 tuis,
800 1877 863 1939 id
911 1880 1019 1952 est,
1065 1877 1138 1939 ut
1181 1875 1472 1958 quicquid
1511 1878 1607 1941 illi
1638 1877 1953 1943 continent
1981 1878 2046 1954 in
2082 1879 2402 1960 mysterio,
2448 1876 2561 1941 hoc
2590 1878 2850 1957 uterque

596 1978 852 2043 illorum
921 1979 1146 2044 habeat
1203 1980 1271 2043 in
1329 1998 1535 2045 sensu.
1612 1984 1677 2044 et
1722 1980 1869 2062 quia
1913 1981 2042 2044 iam
2109 1980 2567 2064 dispensatione
2636 1980 2850 2047 diuina

522 2140 523 2143 ,
599 2082 784 2162 atque
831 2080 1059 2146 iudicio
1106 2084 1296 2147 etiam
1340 2083 1627 2166 magistri
1664 2084 2066 2148 ecclesiarum
2098 2101 2231 2147 esse
2263 2086 2616 2164 coeperunt,
2663 2082 2850 2147 donet
2870 2101 2922 2144 1⁵

594 2184 713 2248 hoc
777 2184 1210 2269 benignissimi
1266 2187 1365 2250 dei
1422 2187 1639 2268 pietas,
1707 2189 1780 2250 ut
1836 2186 2123 2251 doctrina
2179 2186 2432 2251 illorum
2477 2185 2717 2250 fructus
2764 2184 2849 2249 sit

594 2289 998 2352 ecclesiarum
1063 2292 1125 2353 et
1192 2291 1340 2353 tuus
1408 2289 1809 2371 profectuque
1877 2289 2398 2353 excellentissimo
2465 2293 2597 2352 tam
2664 2287 2848 2352 illum

556 2390 557 2399 ’
592 2393 829 2468 ornent,
874 2410 912 2456 a
957 2409 1075 2475 quo
1124 2393 1274 2456 sunt
1319 2392 1533 2476 geniti,
1580 2410 1767 2476 quam
1813 2409 1915 2457 eos
1946 2410 2099 2474 quos
2144 2391 2264 2475 ipsi
2293 2409 2406 2454 sua
2449 2389 2848 2454 institutione

592 2497 1055 2578 generauerint.
1129 2496 1406 2579 mihique
1465 2495 1600 2579 hoc,
1663 2498 1782 2561 etsi
1837 2514 1958 2559 non
2013 2497 2180 2560 inter
2238 2496 2466 2573 omnia,
2533 2496 2698 2558 certe
2744 2492 2847 2558 uel

590 2602 729 2680 post
794 2600 1002 2665 omnia
1058 2599 1411 2664 misericors
1473 2598 1623 2665 deus
1668 2598 1926 2676 tribuat,
1986 2602 2056 2661 ut
2102 2597 2209 2679 qui
2252 2599 2509 2662 fuerunt
2554 2596 2919 2677 discipulizo

594 2703 906 2783 quondam
949 2705 1092 2777 mei,
1139 2703 1268 2768 sint
1310 2720 1475 2768 nunc
1505 2702 1730 2767 cotidie
1761 2704 2036 2766 oratores
2066 2701 2209 2767 mei.
2269 2703 2430 2778 nale,
2475 2701 2567 2765 mi
2599 2700 2845 2764 domine

592 2809 656 2869 ct
701 2805 900 2870 dulcis
943 2824 1138 2870 meus.

694 3061 721 3112 1
761 3060 942 3112 uariis
976 3060 1293 3113 lectionibus
1329 3060 1500 3113 trium
1535 3057 1684 3112 codd.
1722 3060 1904 3112 Paris·
1945 3059 2099 3126 apud
2133 3058 2422 3113 Halmium
2455 3060 2518 3112 in
2549 3060 2653 3114 hac
2689 3061 2844 3128 epist.

590 3143 887 3199 addecimus
922 3146 1173 3199 lectiones
1208 3146 1395 3213 quarti
1429 3145 1544 3199 cod.
1582 3145 1768 3199 Paris,
1802 3162 1857 3198 n.
1894 3148 2040 3200 2182
2072 3144 2188 3212 (D),
2226 3146 2411 3212 quinti
2443 3162 2578 3201 uero
2612 3164 2667 3199 n.
2704 3151 2769 3201 17
2775 3149 2845 3200 91

589 3236 654 3285 ut
700 3230 920 3297 infimae
965 3237 1128 3285 notae
1171 3237 1222 3286 et
1258 3232 1414 3285 uitiis
1443 3232 1701 3285 scatentis
1736 3231 2010 3284 omisimus
2214 3233 2279 3283 in
2313 3231 2371 3285 D
2408 3233 2568 3289 inser.
2606 3239 2712 3286 est.-
2755 3232 2842 3287 In-

588 3315 722 3384 cipit
768 3317 995 3384 epistola
1041 3315 1187 3369 beati
1236 3316 1475 3370 Saluiani
1522 3316 1591 3370 ad
1640 3319 1881 3369 sanctum
1929 3317 2248 3370 Eucherium
2285 3317 2698 3386 Lugdunensem
2736 3319 2844 3387 epi-

587 3418 800 3472 scopum
1007 3403 1039 3456 2
1091 3403 1324 3456 Domino
1377 3418 1515 3457 eraS.
1553 3403 1573 3455 i
1625 3403 1705 3457 lit.
1752 3404 1809 3457 A
2014 3404 2157 3458 dulci
2207 3420 2301 3457 suo
2336 3404 2474 3458 AD:
2533 3405 2843 3458 dulcissimo

585 3489 720 3554 1303
775 3489 876 3555 cfr.
903 3495 1213 3558 postremas
1248 3490 1506 3557 epistolae
1541 3505 1702 3544 uoces
1903 3489 2189 3542 Saluianus
2225 3489 2367 3543 AD:
2423 3490 2664 3543 silnanus
2702 3506 2841 3558 pres-

584 3575 741 3644 byter
777 3575 881 3630 BG
913 3575 1176 3640 (Veranue
1203 3576 1387 3629 Paris.
1413 3578 1577 3644 1791)
1771 3575 1805 3629 3
1840 3576 2010 3629 obiter
2045 3591 2233 3630 moneo
2266 3577 2331 3629 in
2367 3577 2483 3631 cod.
2523 3576 2845 3631 Sessoriano

585 3666 718 3715 teste
751 3661 808 3714 A
825 3660 1237 3727 Reifferscheid.-
1285 3661 1450 3726 (Bibl.
1483 3666 1718 3729 patrum
1753 3662 1845 3716 lat.
1884 3662 1926 3715 Ι
1951 3678 2004 3728 p.
2042 3663 2165 3729 141)
2204 3667 2333 3730 post
2378 3661 2543 3715 libros
2586 3661 2843 3715 additum

587 3761 700 3800 esse
752 3748 892 3809 tuos,
949 3752 998 3800 et
1040 3746 1266 3801 eumdem
1317 3747 1516 3801 habere
1551 3764 1608 3802 u.
1643 3750 1678 3801 '7
1733 3747 1986 3801 Siluanus
2022 3747 2299 3816 presbyter
2504 3747 2537 3800 6
2592 3747 2839 3801 beatissi-

584 3847 796 3885 morum
833 3832 888 3884 Β
1082 3847 1146 3885 ιω
1180 3832 1457 3886 beatorum
1493 3834 1783 3901 pignorum
1817 3849 1917 3886 om.
1964 3833 2011 3888 Ο
2214 3834 2243 3887 7
2281 3833 2562 3887 exsimium
2598 3834 2707 3889 BG

585 3916 619 3970 9
665 3915 870 3970 indoles
918 3922 1173 3986 scaaeque
1219 3920 1275 3971 A
1482 3916 1548 3971 10
1592 3917 1935 3972 institutione
1983 3918 2042 3971 D
2075 3935 2145 3972 m.
2182 3922 2224 3972 2
2257 3934 2301 3974 s.
2338 3919 2373 3971 Ζ.
2547 3945 2552 3950 -
2585 3917 2649 3971 12
2702 3917 2843 3971 dono

583 4002 725 4056 AD:
766 4002 904 4058 dona
937 4003 1047 4058 ΒΟ
1228 4004 1291 4057 15
1329 4004 1543 4073 ecclesie
1578 4003 1639 4057 D
1815 4005 1880 4058 16
1916 4003 2301 4072 benignissima
2334 4003 2453 4057 BD
2627 4005 2688 4057 17
2725 4018 2842 4071 pro-

584 4089 733 4144 fectu
769 4104 872 4157 que
908 4089 953 4144 0
1002 4092 1253 4158 prouectu
1289 4091 1344 4143 Β
1553 4089 1624 4143 20
1658 4089 1861 4143 fuerint
1898 4090 2006 4145 ΒΟ
2210 4089 2273 4143 21
2311 4090 2552 4158 quotidie
2586 4091 2640 4143 A
