3380 4919
650 298 780 364 304
1623 294 1937 349 Saluiani

590 486 791 570 9plus
853 485 1124 570 diligat?
1199 503 1272 551 ac
1328 484 1418 550 sic
1461 485 1536 550 fit
1581 488 1654 548 ut
1698 483 2027 549 soluantur
2071 485 2279 549 omnia
2323 487 2388 548 et
2432 487 2802 550 euanescant
2846 484 2911 549 et

650 588 979 670 intereant,
1036 607 1234 672 neque
1289 587 1494 654 ullum
1549 589 1686 671 quis
1745 587 2036 652 uiliorem
2084 587 2315 652 habeat
2358 606 2545 669 quam
2591 606 2656 653 se
2701 588 2906 671 ipsum

648 710 847 773 neque
892 692 1096 756 ullum
1139 690 1494 757 inferiorem
1541 709 1732 775 quam
1775 694 1977 757 deum.
2040 691 2093 755 si
2139 692 2307 757 enim
2353 691 2555 755 ullum
2601 693 2698 756 est
2742 692 2906 755 tem-

647 813 784 880 pus,
832 813 951 877 quo
997 794 1077 859 ab
1125 793 1335 877 aliquo
1396 795 1598 876 possit
1644 795 1797 859 deus
1843 792 2159 859 adfinibus
2203 801 2314 860 aut
2355 792 2725 877 propinquis
2770 793 2906 858 iure

646 898 955 984 postponi,
1026 896 1275 962 nullum
1329 900 1441 978 est,
1514 915 1635 979 quo
1690 898 1895 981 possit
1953 898 2089 963 iure
2132 897 2460 981 praeponi:
2531 896 2630 961 sin
2673 899 2905 979 autem,
2949 917 2975 958 ⁶

649 1004 809 1083 quod
853 1019 1075 1066 uerum
1118 1002 1232 1079 est,
1278 999 1524 1065 nullum
1571 1002 1668 1066 est
1712 1002 1963 1066 omnino
2008 1005 2279 1084 tempuS,
2338 1017 2458 1083 quo
2510 1015 2635 1064 non
2679 998 2906 1064 debeat

650 1104 963 1185 anteponi,
1010 1102 1258 1168 nullum
1305 1105 1400 1166 est
1446 1101 1701 1168 omnino
1736 1106 2007 1187 tempus,
2055 1121 2175 1186 quo
2206 1103 2405 1186 possit
2433 1104 2566 1168 iure
2594 1101 2901 1185 postponi.

647 1207 894 1272 nullum
964 1207 1198 1287 utique,
1267 1210 1331 1270 et
1385 1206 1522 1272 ideo
1570 1226 1646 1272 ne
1688 1211 1757 1272 in
1816 1210 2111 1274 extremis
2168 1207 2442 1290 quidem,
2508 1207 2656 1288 quia
2712 1205 2902 1270 etiam

648 1308 889 1372 iustum
953 1308 1270 1372 hominem
1336 1309 1636 1392 propheta
1679 1311 1747 1375 in
1804 1310 1924 1389 die,
1993 1331 2114 1395 qua
2173 1310 2491 1383 errauerit,
2559 1308 2716 1375 dicit
2769 1326 2901 1372 esse

550 1411 632 1477 10
648 1411 1014 1492 periturum.
1087 1412 1296 1492 itaque
1341 1412 1393 1476 si
1440 1414 1640 1478 omnis
1686 1431 1858 1479 error
1901 1415 2163 1479 errantis
2208 1413 2553 1496 perditione
2597 1412 2904 1476 multatur
2921 1433 2973 1472 ιο

650 1516 712 1579 et
765 1513 862 1579 his
920 1531 1161 1598 quoque
1230 1514 1541 1581 erroribus
1605 1517 1744 1580 uita
1808 1515 2133 1581 hominum
2199 1515 2611 1598 periclitatur,
2675 1513 2902 1597 quibus

648 1616 879 1683 usitate
934 1622 1122 1699 atque
1180 1620 1596 1683 communiter
1652 1618 2013 1684 innocentia
2054 1620 2329 1684 humana
2371 1619 2692 1701 polluitur,
2751 1617 2901 1700 quid

649 1719 935 1784 futurum
979 1719 1431 1801 existimamus,
1478 1720 1587 1785 ubi
1631 1724 1698 1786 in
1742 1723 1928 1787 deum
1972 1726 2177 1805 ipsum
2222 1721 2583 1789 detestabili
2628 1721 2897 1787 infideli-

648 1827 781 1887 tate
826 1826 1163 1903 peccatur?
1235 1825 1305 1888 si
1349 1826 1581 1901 enim,
1649 1825 1859 1908 inquit
1902 1826 2240 1908 apostoluS,
2290 1826 2538 1890 omnis
2583 1824 2898 1889 inoboe-

650 1927 955 1991 dientia
1039 1929 1332 1992 iustam
1406 1929 1705 2011 accipit
1793 1930 2177 1995 mercedis
2253 1929 2971 2010 retributionem‚1⁶

649 2047 792 2112 quo
837 2030 1059 2095 modo
1103 2049 1241 2096 nos
1287 2030 1789 2113 effugiemus,
1852 2031 1919 2095 si
1962 2032 2270 2097 tantam
2315 2030 2900 2115 neglexerimus

649 2131 1026 2197 salutem?
1091 2134 1305 2198 nullus
1352 2135 1561 2199 autem
1607 2136 1876 2199 salutem
1923 2152 2130 2198 ueram
2181 2134 2324 2216 plus
2370 2134 2667 2217 neglegit,
2713 2150 2898 2215 quam

648 2234 755 2316 qui
801 2237 911 2300 deo
966 2235 1202 2318 aliquid
1261 2236 1600 2319 anteponit.
1678 2254 1821 2300 cum
1868 2237 2035 2301 enim
2080 2238 2250 2302 salus
2297 2238 2508 2302 nostra
2552 2255 2780 2302 munus
2827 2254 2899 2300 ac

647 2336 1072 2403 misericordia
1131 2338 1230 2403 dei
1287 2339 1391 2422 sit,
1450 2358 1606 2421 quae
1662 2340 1721 2403 ei
1776 2341 1935 2405 ratio
1992 2342 2449 2423 consequendae
2508 2340 2734 2404 salutis
2780 2339 2897 2416 est,

647 2441 752 2523 qui
813 2441 997 2506 deum
1057 2444 1264 2525 ipsum
1320 2443 1599 2526 despicit,
1662 2443 1728 2508 in
1786 2446 1961 2510 cuius
2006 2444 2433 2511 misericordia
2474 2443 2642 2509 salus
2687 2442 2969 2508 nostram

549 2547 624 2610 11
649 2547 977 2612 consistit?
1053 2547 1162 2611 aut
1209 2565 1349 2611 eum
1395 2546 1578 2612 iudex
1623 2550 1686 2612 et
1731 2548 2021 2613 uiuorum
2067 2550 2152 2613 sit
2198 2550 2347 2613 deus
2395 2553 2456 2612 et
2488 2553 2896 2627 mortuorum,

648 2668 804 2731 quae
849 2650 907 2714 ei
953 2668 1092 2731 spes
1138 2651 1201 2714 in
1249 2650 1346 2714 dei
1378 2650 1606 2715 iudicio
1638 2670 1774 2717 esse
1803 2652 2053 2734 poterit,
2102 2654 2202 2733 qui
2239 2670 2380 2717 eum
2411 2650 2601 2715 etiam
2631 2649 2897 2714 moriens

646 2753 876 2818 iudicio
937 2770 1045 2817 suo
1103 2754 1428 2834 spreuerit,
1491 2773 1528 2818 a
1573 2772 1693 2836 quo
1753 2757 1847 2820 est
1891 2755 2111 2822 statim
2156 2760 2440 2820 mortuus
2485 2752 2898 2818 iudicandus?
2930 2813 2954 2845 ,ο

649 2856 713 2919 et
768 2856 923 2938 ideo,
983 2860 1054 2919 ut
1111 2858 1421 2938 scriptura
1477 2856 1694 2921 diuina
1739 2859 1846 2934 ait,
1906 2858 1982 2923 in
2030 2875 2171 2941 quo
2217 2856 2517 2922 iudicio
2564 2854 2898 2934 iudicat,

648 2957 728 3022 in
793 2976 875 3023 eo
939 2957 1439 3024 iudicabitur
1496 2959 1586 3024 de
1642 2979 1760 3040 eo,
1829 2962 1945 3027 hoc
2003 2965 2129 3026 est:
2198 2980 2318 3044 quo
2376 2959 2601 3025 iudicio
2661 2958 2968 3023 iudicatzs

648 3061 723 3125 de
790 3062 923 3141 deo,
993 3080 1062 3127 eo
1129 3062 1260 3144 ipse
1327 3062 1708 3129 iudicabitur
1772 3082 1809 3128 a
1868 3065 2000 3140 deo,
2068 3083 2264 3148 neque
2332 3063 2615 3146 iniquum
2683 3066 2901 3144 putare

647 3164 900 3246 poterit,
946 3164 999 3228 si
1030 3183 1174 3229 eum
1219 3165 1463 3230 cunctis
1508 3166 1573 3230 in
1620 3166 1832 3231 futuro
1865 3167 2151 3233 dominus
2194 3166 2630 3252 postposuerit,
2680 3166 2785 3248 qui
2832 3165 2896 3230 in

648 3268 964 3351 praesenti
1031 3272 1216 3334 deum
1284 3269 1524 3334 cunctis
1591 3272 1725 3351 ipse
1792 3272 2130 3352 postponit,
2199 3287 2313 3335 nec
2379 3270 2571 3351 queri,
2641 3269 2694 3333 si
2755 3287 2899 3334 eum

852 3455 886 3509 9
922 3454 1106 3509 Ezech.
1142 3453 1233 3509 III
1269 3454 1337 3508 20
1546 3455 1612 3510 14
1643 3454 1809 3509 Hebr.
1845 3455 1893 3520 2,
1930 3455 1963 3509 2
2167 3456 2235 3511 24
2268 3456 2464 3511 Matth.
2504 3456 2534 3510 7

752 3627 780 3680 1
819 3630 1137 3680 euanescant
1173 3640 1242 3680 ex
1278 3628 1420 3680 —scat
1456 3641 1593 3680 corr.
1628 3642 1698 3680 m.
1725 3632 1757 3680 1
1790 3628 1846 3681 A
2052 3630 2109 3682 et
2143 3627 2415 3682 intereant
2452 3644 2573 3682 cum
2608 3629 2641 3683 b
2674 3627 2897 3696 scripsi-

647 3727 796 3765 mus.-
847 3713 1119 3766 intereant
1167 3712 1281 3766 AB
1332 3713 1707 3781 intereantque
1754 3729 1876 3767 cum
1904 3729 1948 3781 p
1983 3713 2247 3768 Halmius
2451 3714 2487 3767 4
2532 3714 2789 3768 affinibus
2830 3729 2900 3768 ex

648 3797 758 3852 ads.
795 3813 931 3852 corr.
957 3814 1026 3851 m.
1050 3800 1091 3852 2
1125 3797 1237 3851 AB
1423 3800 1458 3854 5
1492 3800 2048 3867 nullum—praeponi
2080 3802 2136 3855 A
2159 3802 2222 3853 in
2245 3815 2421 3869 mar-9.
2445 3800 2604 3855 habet
2627 3817 2695 3854 m.
2720 3802 2761 3854 2

648 3883 682 3935 6
718 3882 865 3934 omni
900 3897 942 3935 s.
978 3898 1082 3937 scr.
1120 3898 1189 3936 no
1223 3899 1291 3936 m.
1316 3886 1356 3936 2
1390 3884 1445 3937 A
1642 3885 1675 3938 9
1711 3885 1919 3953 profeta
1953 3886 2008 3939 A
2206 3887 2270 3940 14
2303 3886 2450 3941 omni
2483 3902 2525 3942 s.
2558 3902 2664 3941 scr.
2702 3903 2729 3940 s
2763 3903 2833 3940 m.
2856 3888 2897 3941 2

647 3968 703 4022 B
890 3967 1259 4037 inobydientia
1294 3969 1350 4023 B
1383 3976 1433 4026 et
1464 3986 1505 4024 s.
1542 3986 1578 4038 y
1613 3986 1715 4025 scr.
1752 3987 1780 4024 e
1813 3988 1881 4026 m.
1907 3975 1944 4027 2
1975 3973 2032 4025 A
2068 3974 2184 4039 (sic)
2378 3973 2444 4027 16
2480 3971 2794 4041 effugiemus
2830 3988 2898 4027 ex

651 4069 829 4109 -amus
865 4069 1008 4110 corr.
1041 4071 1110 4110 m.
1135 4057 1176 4109 2
1210 4056 1266 4110 B
1462 4058 1525 4111 18
1561 4062 1625 4111 cu
1663 4073 1731 4111 ex
1766 4073 1858 4111 cur
1892 4073 2027 4112 corr.
2065 4075 2133 4112 m.
2160 4062 2200 4113 2
2237 4059 2291 4111 B
2484 4058 2552 4111 20
2588 4057 2806 4127 dispicit
2839 4059 2896 4111 A

648 4141 793 4208 desp.
833 4156 898 4194 σω
931 4140 1066 4210 disp.
1104 4155 1241 4196 corr.
1275 4158 1345 4199 m.
1381 4146 1421 4196 2
1455 4141 1514 4196 B
1720 4143 1789 4197 24
1822 4144 2086 4198 scribtura
2119 4148 2175 4197 A
2368 4145 2450 4199 ait
2486 4144 2671 4198 diuina
2702 4144 2759 4197 B

648 4226 717 4280 28
761 4227 942 4293 quaeri
977 4226 1090 4280 AB
1121 4226 1217 4281 sed
1252 4227 1307 4281 B
1342 4243 1482 4281 corr.
1516 4245 1584 4282 m.
1621 4244 1725 4282 rec.
1773 4229 1926 4297 queri
1960 4232 2135 4298 potest
2171 4237 2222 4285 et
2256 4231 2334 4283 sic
2369 4230 2451 4282 ed.
2490 4230 2759 4283 Baluzius
