3380 4919
1132 326 1207 380 de
1242 325 1511 396 gubern.
1547 324 1656 379 dei
1692 323 1801 379 VH
1839 329 1868 389 5
1905 323 2125 379 92-99.
2630 323 2750 391 187

501 523 666 585 sunt.
721 520 791 585 at
817 516 1121 601 quomodo
1151 517 1530 583 immutata?
1574 515 1837 580 interest
1883 513 2048 579 enim
2093 530 2214 578 non
2260 513 2461 578 solum
2498 513 2752 579 effectus

498 641 727 706 rerum,
776 622 884 688 sed
930 620 1120 686 etiam
1167 620 1504 685 effectuum
1551 635 1772 684 causas
1821 618 2046 682 dicere.
2110 615 2369 682 difficile
2402 617 2497 682 est
2528 617 2751 700 quippe

497 725 960 808 impudicitiam
1014 723 1207 789 uerbo
1263 727 1371 788 aut
1428 722 1696 787 iussione
1756 716 1916 798 tolli,
1977 720 2100 785 nisi
2157 720 2348 785 fuerit
2406 718 2646 797 ablata,
2690 720 2754 784 et

501 827 755 895 difficile
813 828 911 892 est
964 826 1340 909 pudicitiam
1394 828 1584 892 uerbo
1626 825 1811 908 exigi,
1873 823 1991 889 nisi
2040 823 2231 889 fuerit
2277 824 2511 889 exacta.
2589 825 2753 905 quod
2773 820 2856 886 96

455 931 598 995 silli
643 933 858 1014 utique
904 930 1173 995 scientes
1219 930 1312 994 sic
1356 928 1817 1011 impudicitiam
1862 929 2353 1006 summouerunt‚
2419 927 2582 1010 quod
2627 927 2751 991 im-

499 1035 759 1117 pudicas
792 1032 1333 1111 conseruauerunt,
1373 1050 1496 1097 non
1527 1030 1975 1096 interficientes
2006 1030 2415 1096 mulierculas
2445 1029 2749 1114 infelices,

490 1156 577 1202 ne
621 1137 920 1202 uitiorum
978 1154 1187 1200 curam
1248 1134 1618 1201 crudelitate
1675 1138 2123 1217 respergerent,
2188 1136 2250 1198 et
2304 1133 2453 1198 dum
2497 1134 2755 1213 peccata

503 1240 744 1306 auferre
804 1230 1124 1322 cuperent,
1194 1238 1315 1321 ipsi
1371 1242 1438 1304 in
1493 1238 1891 1321 peccatorum
1955 1236 2333 1302 resecatione
2399 1236 2749 1317 peccarent.

503 1346 607 1410 sed
650 1344 745 1408 ita
802 1344 1081 1407 errantes
1151 1341 1797 1418 emendauerunt,1ut
1855 1340 2096 1405 factum
2165 1359 2379 1405 eorum
2446 1339 2753 1403 medicina

429 1472 485 1512 ιο
501 1448 679 1523 esset,
748 1463 944 1528 poena
1008 1464 1133 1510 non
1201 1446 1382 1509 esset.
1457 1444 1775 1510 iusserunt
1830 1442 2140 1526 siquidem
2198 1443 2263 1507 et
2323 1441 2753 1525 compulerunt
2773 1438 2860 1506 97·

502 1567 715 1614 omnes
782 1549 861 1614 ad
927 1548 1286 1613 maritalem
1355 1551 1561 1612 torum
1594 1538 1597 1543 ’
1628 1547 1902 1612 transire
1966 1546 2347 1624 meretriceS,
2416 1547 2620 1610 scorta
2684 1545 2753 1608 in

501 1652 763 1717 conubia
828 1652 1174 1730 uerterunt,
1243 1651 1579 1735 implentes
1639 1650 1888 1715 scilicet¹
1938 1649 2202 1732 apostoli
2260 1649 2504 1713 dictum
2566 1649 2752 1729 atque

501 1756 891 1832 mandatum,
950 1757 1025 1818 ut
1060 1758 1144 1819 ‘et
1189 1773 1591 1837 unaquaeque
1636 1754 1863 1819 mulier
1907 1753 2113 1817 uirum
2160 1753 2415 1817 haberet
2459 1770 2643 1816 suum
2690 1751 2753 1814 et

501 1859 922 1941 unusquisque
980 1856 1079 1921 uir
1143 1857 1468 1940 coniugem
1527 1875 1735 1934 suam3
1805 1848 1879 1920 ut
1935 1856 2083 1938 quia
2141 1854 2420 1921 cohiberi
2487 1853 2753 1919 inconti-

435 1988 484 2028 15
501 1960 711 2026 nentia
776 1964 909 2026 sine
976 1962 1096 2026 hac
1162 1948 1430 2025 carnalis
1498 1978 1644 2024 usus
1715 1959 2120 2040 permissione
2188 1978 2312 2024 non
2371 1962 2599 2044 posset,
2665 1960 2755 2023 ita

502 2065 861 2146 legitimum
914 2083 1099 2128 usum
1158 2065 1326 2129 calor
1389 2062 1725 2145 corporalis
1784 2063 2104 2144 acciperet,
2165 2062 2241 2127 ut
2283 2063 2608 2146 peccatum
2653 2061 2754 2124 in-

502 2166 882 2232 continentia
924 2186 1049 2232 non
1095 2156 1407 2233 haberet.¹
1446 2167 1513 2230 in
1556 2185 1676 2249 quo
1736 2167 1991 2248 quidem
2037 2182 2159 2231 non
2203 2165 2270 2229 id
2316 2165 2753 2231 tantummodo
2774 2161 2858 2228 98

500 2270 819 2353 prouisum
863 2272 976 2346 est,
1024 2270 1096 2334 ut
1144 2269 1310 2334 uiros
1357 2269 1623 2334 feminae
1667 2268 1989 2349 haberent,
2038 2286 2196 2351 quae
2241 2267 2372 2332 sine
2420 2266 2574 2331 uiris
2619 2285 2755 2332 esse

502 2392 624 2440 non
667 2378 938 2456 possent,
984 2373 1096 2438 sed
1141 2373 1334 2437 etiam
1378 2375 1452 2437 ut
1495 2391 1605 2454 per
1649 2371 2107 2436 conseruatores
2138 2369 2513 2437 domesticos
2545 2372 2755 2436 saluae
2863 2414 2868 2429 ,

432 2503 485 2545 20
505 2481 726 2562 essent,
774 2496 926 2560 quae
972 2496 1039 2542 se
1082 2476 1253 2559 ipsas
1312 2494 1562 2542 seruare
1604 2475 1934 2553 nescirent,
1998 2475 2062 2539 et
2108 2473 2475 2552 adhaerente
2520 2473 2609 2538 eis
2654 2474 2753 2538 iu-

501 2579 666 2661 giter
708 2580 1124 2663 gubernaculo
1182 2580 1501 2658 maritali,
1535 2578 1785 2645 etiamsi
1831 2579 1910 2645 ad
1954 2578 2311 2659 improbum
2358 2596 2461 2643 eas
2506 2577 2753 2644 facinus

494 2683 884 2749 consuetudo
929 2686 1075 2749 ante
1120 2686 1294 2750 actae
1339 2683 1726 2766 impuritatis
1782 2683 2088 2761 inliceret,
2150 2680 2495 2763 coniugalis
2517 2684 2756 2760 3tamen

505 2786 783 2852 custodia
829 2787 906 2852 ab
953 2786 1359 2870 improbitate
1401 2785 1781 2868 prohiberet.
1839 2784 2215 2851 addiderunt
2259 2801 2497 2867 quoque
2529 2783 2646 2847 hoc
2675 2783 2753 2848 ad
2773 2782 2857 2848 99

501 2887 830 2953 libidinem
895 2888 1441 2972 comprimendam,
1514 2906 1761 2954 seueras
1815 2887 2151 2970 pudicitiae
2209 2886 2577 2965 sanctioneS,
2645 2887 2756 2950 de-

434 3016 486 3057 25
506 2992 816 3056 cretorum
860 2992 1070 3074 gladio
1113 2990 1580 3075 impudicitiam
1626 2990 1996 3071 coercentQS,
2043 2991 2115 3054 ut
2141 2990 2483 3073 puritatem
2512 2988 2755 3054 scilicet

506 3094 829 3176 utriusque
893 3112 1070 3160 sexus
1138 3098 1202 3158 et
1271 3093 1437 3159 domi
1503 3093 1751 3158 conubii
1817 3096 2166 3160 reseruaret
2234 3093 2491 3159 affectus
2561 3096 2623 3157 et
2675 3091 2757 3156 in

710 3256 776 3309 12
821 3256 850 3310 Ι
888 3257 1008 3312 Cor.
1054 3257 1100 3323 7,
1138 3257 1172 3310 2

592 3404 639 3454 Ὶ1
679 3400 745 3455 ad
779 3415 820 3454 s.
856 3416 959 3456 ser.
995 3404 1022 3454 t
1053 3417 1124 3455 m.
1162 3405 1202 3456 2
1239 3401 1294 3454 A
1499 3401 1534 3455 3
1579 3400 1781 3469 ablata]
1821 3400 2195 3455 emendatione
2231 3399 2443 3453 sublata
2480 3399 2761 3466 proposita

507 3485 636 3540 olim
683 3486 978 3541 Sita-Ber.
1008 3502 1069 3555 p.
1107 3490 1177 3542 29
1223 3502 1360 3556 opus
1405 3501 1521 3541 non
1567 3501 1677 3541 esse
1724 3486 1918 3541 docent
1962 3486 2067 3541 loci
2107 3486 2299 3555 'quales
2332 3489 2464 3538 sunt
2500 3483 2575 3537 II
2602 3486 2675 3537 12
2710 3488 2762 3538 et

508 3571 669 3625 IIII
702 3575 771 3627 74
803 3573 898 3627 ubi
920 3572 1101 3627 eodem
1124 3572 1282 3627 modo
1305 3573 1471 3627 uerba
1505 3573 1696 3627 tollere
1731 3577 1783 3626 et
1816 3571 2025 3626 auferre
2058 3587 2115 3626 se
2143 3571 2427 3639 eoeeipiunt
2579 3643 2580 3646 Ἴ
2616 3572 2649 3625 5
2684 3570 2760 3625 sic

505 3659 826 3729 pudicitiam
861 3660 916 3714 Β
1066 3649 1069 3652 ’
1123 3661 1184 3715 11
1235 3661 1456 3714 thorum
1490 3661 1545 3714 B
1754 3659 1819 3715 13
1856 3663 1909 3713 et
1944 3662 2007 3713 ut
2043 3659 2098 3712 B
2303 3658 2368 3711 15
2417 3658 2763 3725 permissione

507 3746 643 3800 conl.
673 3761 732 3813 p.
771 3750 891 3811 188,
929 3748 1004 3801 17
1036 3746 1354 3801 Hartelius:
1409 3747 1766 3815 permixtione
1799 3746 1911 3800 AB
1928 3746 2187 3801 Halmius
2368 3744 2536 3813 possit
2570 3745 2625 3797 A

509 3831 573 3885 17
610 3832 822 3899 quidem
860 3831 916 3886 B
945 3833 1008 3885 in
1039 3848 1208 3903 vnary.
1417 3832 1481 3886 19
1534 3833 1742 3900 possint
1785 3832 1840 3885 A
2044 3832 2115 3885 20
2158 3830 2478 3885 adhaerente
2524 3831 2618 3899 eis]
2671 3829 2762 3884 ad-

505 3916 786 3971 haerentes
822 3917 877 3970 B
1056 3917 1119 3971 21
1158 3917 1497 3971 tabernaculo
1534 3918 1589 3971 B
1772 3916 1840 3970 22
1874 3919 1998 3971 ante
2032 3913 2205 3971 factae
2242 3917 2297 3970 B
2479 3916 2548 3969 23
2584 3917 2761 3985 prohi-

502 4001 696 4057 berent
718 4003 786 4056 ·B
968 4002 1037 4057 26
1071 4002 1323 4057 connubii
1357 3999 1420 4057 in
1451 4020 1486 4058 υ
1522 4019 1590 4057 ex
1626 4004 1889 4057 connubio
1925 4019 2060 4058 corr.
2090 4004 2488 4058 Brassieanus:
2535 4002 2759 4057 conubio

503 4089 617 4141 'AB
675 4089 1021 4143 conubiorum
1060 4089 1334 4157 proposui
1379 4089 1512 4144 Sita.
1527 4090 1688 4143 -Ber.
1733 4106 1786 4157 p.
1835 4092 1912 4143 29
1958 4095 2031 4154 (u.
2082 4105 2260 4157 supra
2304 4106 2359 4143 u.
2398 4091 2471 4144 12
2516 4088 2760 4154 conubia)

506 4175 858 4229 conubiorum
893 4176 1132 4229 seruaret
1166 4180 1302 4242 (pro
1337 4177 1652 4239 reseruaret)
1698 4176 2015 4243 suspicatur
2050 4175 2341 4230 Hartelius
2546 4174 2762 4229 affectus

497 4266 725 4329 praeter
759 4261 814 4315 Β
849 4262 1011 4315 etiam
1045 4260 1101 4313 A
1134 4260 1310 4329 habet,
1347 4276 1460 4315 non
1493 4260 1711 4314 effectus
1747 4265 1812 4315 ut
1845 4261 2000 4329 apud
2032 4261 2321 4316 Halmium
