3380 4919
1110 366 1183 420 de
1220 365 1483 436 gubern.
1521 365 1627 420 dei
1662 366 1723 421 11
1759 372 1789 432 ς
1826 366 2047 421 14-20,
2624 367 2704 432 37

456 557 696 623 nostros
744 575 780 621 a
824 558 936 622 deo
999 574 1119 621 non
1179 556 1396 638 putas,
1458 573 1528 619 ex
1573 554 1690 620 hoo
1749 554 1880 637 ipso
1925 555 1991 619 et
2033 553 2228 637 aspici
2273 554 2336 618 te
2381 573 2417 618 a
2461 552 2707 619 Christo

456 679 696 742 semper
754 659 1047 742 intellege
1092 659 1158 723 et
1202 659 1586 740 puniendum
1645 658 1906 723 forsitan
1965 658 2327 741 propediem
2381 674 2514 721 esse
2562 673 2707 741 cog-

456 782 668 838 nosce,
729 764 872 844 quia
932 764 1124 827 etiam
1168 761 1375 827 Dauid
1421 763 1709 826 sanctum
1755 760 1929 826 uides
1973 780 2169 826 unum
2217 779 2482 825 errorem
2527 778 2709 823 suum

454 885 565 931 nec
610 868 843 931 secreto
905 866 1292 930 occultorum
1353 863 1767 947 penetralium
1822 864 2102 946 potuisse
2146 864 2469 946 contegere
2512 879 2627 926 nec
2673 879 2711 925 a

407 969 883 1052 spraesentibus
937 969 1149 1051 poenis
1205 968 1536 1051 priuilegio
1581 966 1798 1031 saltim
1841 983 2213 1052 magnorum
2259 983 2519 1047 operum
2563 962 2705 1028 uin-

455 1072 678 1138 dicare.
752 1072 901 1155 quid
968 1071 1134 1136 enim
1195 1071 1286 1135 ait
1332 1072 1409 1135 ad
1470 1090 1613 1135 eum
1676 1070 2013 1135 dominus?
2081 1070 2364 1134 tollam
2431 1084 2709 1133 uxores

454 1180 630 1241 tuas
686 1176 764 1239 in
832 1176 1259 1257 conspectu
1326 1178 1494 1250 tuo,
1566 1176 1639 1238 et
1695 1173 2012 1257 gladius
2083 1191 2235 1238 non
2302 1171 2712 1237 recedeta

455 1278 669 1343 domo
714 1280 850 1343 tua
893 1296 1134 1359 usque
1181 1277 1257 1340 in
1303 1278 1892 1359 sempiternum.
1954 1275 2148 1354 uideS,
2196 1293 2386 1357 quam
2417 1291 2708 1357 praesens
2732 1276 2813 1341 18

456 1381 720 1464 excipiat
764 1381 981 1445 tantus
1027 1379 1127 1443 uir
1171 1398 1281 1461 pro
1326 1399 1449 1444 uno
1496 1380 1716 1443 statim
1771 1396 1972 1443 errore
2027 1377 2353 1443 iudicium.
2428 1376 2710 1460 protinus

384 1510 436 1551 ιο
457 1486 698 1566 culpam
744 1483 956 1547 secuta
1002 1481 1322 1547 damnatio
1368 1484 1463 1547 est
1521 1486 1582 1547 et
1620 1482 1937 1547 damnatio
1983 1481 2198 1546 statim
2245 1480 2505 1562 puniens
2550 1478 2711 1544 nihil

455 1596 790 1664 reseruanS,
842 1587 1027 1667 atque
1072 1586 1214 1650 ilico
1263 1603 1544 1649 coercens
1590 1604 1765 1648 reum
1815 1603 1932 1649 non
1978 1584 2042 1648 in
2090 1585 2374 1649 futurum
2420 1582 2709 1647 differens

455 1691 715 1755 reatum.
782 1688 843 1752 et
877 1688 1013 1754 ideo
1049 1707 1170 1754 non
1200 1688 1390 1753 dixit:
1437 1687 1581 1770 quia
1616 1688 1824 1752 fecisti
1857 1690 1991 1766 hoc,
2039 1689 2377 1753 uenturum
2407 1685 2709 1750 iudicium

457 1794 554 1859 dei
600 1792 827 1857 senties
876 1793 939 1857 et
970 1792 1179 1857 futuro
1209 1792 1533 1876 gehennae
1564 1791 1711 1874 igne
1742 1792 2125 1875 torquebere,
2175 1792 2303 1868 sed,
2336 1790 2705 1872 praesentia,

453 1896 677 1977 inquit,
722 1896 1037 1960 tormenta
1081 1894 1311 1959 senties
1358 1898 1545 1976 atque
1574 1893 2011 1960 imminentem
2048 1895 2171 1959 iam
2207 1893 2552 1959 ceruicibus
2580 1892 2708 1957 tuis

383 2025 434 2064 15
455 1998 706 2064 diuinae
773 2000 1126 2063 seueritatis
1193 1997 1473 2080 gladium
1542 1997 1906 2062 sustinebis.
1985 2002 2047 2062 et
2106 1997 2254 2080 quid
2312 1999 2453 2085 post
2508 1997 2812 2062 haec?19

454 2102 739 2184 agnoseit
797 2102 1037 2167 scilicet
1091 2121 1231 2167 reus
1295 2102 1573 2184 culpam,
1635 2102 2009 2166 humiliatur
2057 2100 2515 2184 compungitur,
2562 2117 2708 2165 con-

454 2204 669 2269 fitetur
739 2205 945 2288 luget,
1020 2206 1296 2286 paenitet
1363 2204 1765 2288 deprecatur,
1841 2223 2121 2287 gemmas
2189 2204 2389 2286 regias
2457 2202 2707 2267 abdicat

454 2307 789 2390 crispantia
856 2325 1004 2372 auro
1074 2307 1285 2371 textili
1346 2307 1711 2372 indumenta
1770 2307 2056 2389 deponit,
2122 2324 2396 2390 purpura
2465 2305 2710 2369 exuitur

455 2410 803 2477 diademate
849 2409 1271 2489 exhonoratur,
1323 2410 1494 2475 cultu
1528 2410 1590 2474 et
1621 2427 1871 2493 corpore
1902 2411 2203 2494 mutatur,
2253 2410 2456 2474 totum
2495 2425 2708 2491 regem

383 2534 595 2584 zooum
640 2514 958 2579 ornatibus
1007 2513 1136 2576 suis
1184 2512 1408 2589 abicit,
1455 2512 1787 2597 profugum
1841 2514 2264 2596 paenitentem
2310 2532 2453 2578 cum
2496 2514 2708 2594 patro-

455 2616 612 2682 cinio
667 2615 979 2681 ambitiosi
1037 2616 1341 2697 squaloris
1399 2616 1709 2693 adsumit,
1771 2615 2002 2680 ieiunio
2071 2615 2340 2700 exigitur
2411 2614 2709 2681 ariditate

455 2721 755 2799 siccatur,
816 2719 970 2785 fletu
1016 2719 1356 2784 effunditur
1400 2720 1734 2785 solitudine
1780 2719 2148 2787 carceratur.
2223 2723 2284 2785 et
2339 2723 2556 2784 tamen
2602 2736 2709 2781 rex

454 2825 616 2889 tanti
661 2823 963 2900 nominis,
1012 2822 1348 2888 sanctitate
1393 2825 1588 2888 maior
1633 2842 1820 2906 quam
1863 2825 2209 2907 potestate,
2255 2821 2708 2906 praerogatiuis

454 2926 818 2990 meritorum
885 2926 1386 2991 antecedentium
1453 2927 1949 3009 supereminens,
2021 2946 2163 2991 cum
2230 2928 2407 2991 tanto
2467 2924 2710 2991 ambitu

383 3030 782 3113 &supplicem
830 3047 951 3094 non
997 3031 1221 3095 euadit.
1283 3032 1343 3093 et
1390 3029 1492 3095 hic
1536 3031 1787 3095 tantum
1833 3034 1965 3095 tam
2011 3032 2261 3113 grandis
2290 3026 2708 3111 paenitentiae
2725 3026 2814 3093 20

454 3132 695 3197 fructus
742 3133 867 3209 est,
915 3132 1078 3213 quod
1125 3132 1390 3197 aeternis
1437 3133 1687 3215 quidem
1733 3132 1993 3213 piaculis
2038 3151 2159 3196 non
2207 3131 2550 3205 addicitur,
2599 3132 2708 3195 sed

450 3238 517 3300 in
560 3235 872 3318 praesenti
917 3237 1130 3301 tamen
1172 3234 1421 3299 ueniam
1469 3252 1591 3299 non
1637 3239 1928 3300 meretur.
1987 3235 2250 3317 denique
2296 3235 2445 3317 quid
2490 3233 2707 3317 paeni-

450 3339 610 3403 tenti
654 3339 952 3421 propheta
997 3339 1134 3403 ait?
1179 3339 1356 3420 quia
1400 3338 1949 3421 blasphemare
1994 3338 2281 3403 fecisti
2326 3337 2706 3402 inimicos

649 3515 717 3569 28
763 3516 822 3569 11
859 3515 992 3585 neg.
1031 3515 1113 3583 12,
1153 3516 1219 3570 14

550 3678 585 3732 4
609 3679 877 3747 contigeri
901 3679 956 3733 Β
1117 3679 1149 3733 5
1174 3679 1364 3733 saltem
1390 3694 1457 3733 ex
1482 3678 1666 3734 saltim
1692 3693 1835 3734 corr.
1860 3680 1915 3732 A
1940 3693 2008 3733 m.
2030 3682 2070 3732 2
2173 3695 2178 3700 ·
2226 3678 2488 3733 maiorum
2512 3679 2567 3733 Β

448 3765 482 3817 9
518 3763 749 3833 accipiat
784 3765 839 3817 Β
1060 3763 1126 3817 10
1159 3764 1433 3819 damnatio
1470 3766 1554 3818 est
1588 3766 1771 3818 secuta
1808 3764 1863 3817 Β
2090 3764 2157 3817 18
2201 3766 2478 3833 crepantia
2514 3763 2569 3817 Β

450 3849 603 3903 texili
647 3851 702 3904 Β
912 3851 977 3904 19
1022 3866 1237 3918 corpore
1283 3850 1605 3905 Hartezius:
1659 3849 1813 3905 corde
1847 3850 1960 3904 AB
2002 3850 2265 3904 Halmius
2471 3850 2541 3905 20
2587 3866 2709 3919 pro-

448 3936 640 4005 fugum
685 3938 1000 4005 scripsimus
1044 3937 1177 3991 conl.
1221 3943 1269 4001 ἕ.
1305 3939 1386 3992 22
1431 3936 1692 4006 profugus
1736 3943 1789 3992 et
1824 3941 1893 3992 23
1941 3936 2112 4005 ipsius
2158 3936 2321 4006 fugae
2368 3937 2530 3991 facies
2577 3942 2706 3992 etc..-

451 4021 734 4090 prouidum
769 4022 824 4076 A
859 4028 1002 4077 etex
1037 4022 1255 4100 auidum
1291 4037 1432 4077 corr.
1449 4023 1524 4076 ’Β
1578 4022 1875 4091 proiectum
1901 4023 2218 4090 suspicatur
2242 4023 2532 4077 Har-telius
2554 4021 2712 4078 haud

448 4109 883 4184 inprobabiliter,
922 4125 1043 4164 cum
1076 4107 1270 4162 Dauid
1304 4110 1423 4176 ipse
1461 4110 1614 4166 Psal.
1651 4114 1736 4176 30,
1766 4113 1841 4165 23
1875 4109 1943 4164 de
1976 4125 2033 4165 se
2069 4110 2246 4165 dicat.-
2283 4110 2548 4179 proiectus
2586 4126 2708 4164 sum

450 4211 482 4248 a
517 4195 677 4250 uultu
712 4196 984 4250 oculorum
1023 4197 1267 4260 tuorum3
1317 4194 1460 4250 adde
1494 4211 1547 4264 p.
1588 4198 1679 4260 39,
1715 4199 1750 4250 4
1784 4196 2016 4250 deiectus
2212 4195 2283 4249 24
2317 4197 2478 4251 tantu
2513 4196 2568 4249 A

448 4281 518 4335 25
553 4284 741 4336 tantus
777 4283 832 4336 Β
1039 4282 1247 4336 fructus
1283 4281 1643 4351 poenitentiae
1677 4285 1734 4338 Β
1772 4284 1942 4351 (poen.
1979 4288 2030 4337 et
2064 4283 2119 4337 A
2167 4283 2349 4350 habet)
