3380 4919
1165 310 1243 364 ad
1278 311 1636 365 ecclesiam
1680 311 1710 365 1
1747 315 1778 376 ς
1814 310 2037 365 24—30.
2606 311 2734 378 233

472 503 553 568 ad
613 521 808 568 unum
877 520 1185 586 quemque
1250 502 1568 567 nostrum:
1645 501 1940 566 honora
1999 501 2393 564 dominum
2450 498 2539 563 de
2599 501 2735 564 tua

471 605 953 671 substantia.
998 608 1063 670 et
1091 605 1542 683 alibiredde,
1589 605 1814 687 inquit,
1861 603 2219 669 debitum
2263 603 2499 667 tuum.
2546 620 2735 684 quam

472 711 613 791 pius
689 713 751 773 et
823 710 1153 790 indulgens
1226 709 1512 774 dominus
1589 708 1741 773 deus
1813 711 2052 784 noster,
2129 706 2409 769 inuitans
2478 723 2591 770 nos
2656 705 2736 769 ad

475 813 855 895 erogandam
898 815 1184 877 terrenae
1226 811 1608 877 substantiae
1667 811 2067 875 facultatem!
2129 809 2462 884 honora,
2508 808 2733 890 inquit,

433 915 873 983 5dominum
917 917 1006 980 de
1051 918 1188 979 tua
1230 914 1717 979 substantia.
1789 933 1933 979 cum
1977 915 2183 979 totum
2215 932 2399 977 suum
2443 912 2529 976 sit
2573 911 2735 992 quod

475 1022 555 1085 ab
600 1036 670 1083 00
716 1020 1082 1101 accepimus,
1154 1022 1435 1084 nostrum
1493 1036 1624 1082 esse
1683 1016 1835 1083 dicit
1881 1020 1954 1081 ut
1999 1018 2238 1095 demuS,
2307 1017 2443 1079 ideo
2491 1013 2736 1079 scilicet

478 1125 759 1187 nostram
805 1123 1122 1206 appellans
1164 1122 1610 1204 proprietatem
1655 1122 2075 1203 possessionis,
2120 1123 2193 1184 ut
2225 1120 2423 1183 maior
2452 1119 2541 1182 sit
2570 1137 2737 1181 mer-

479 1244 579 1290 ces
625 1226 961 1308 operantia,
1011 1228 1156 1307 quia
1201 1226 1341 1306 plus
1387 1226 1708 1290 fructuum
1752 1242 2001 1290 necesse
2044 1226 2141 1289 est
2184 1225 2447 1308 largitor
2491 1222 2735 1304 habeat,

477 1329 585 1394 ubi
631 1330 708 1395 de
754 1347 864 1393 suo
912 1328 1159 1395 uidetur
1205 1347 1338 1394 esse
1384 1328 1657 1410 largitio.

407 1478 460 1518 ιο
564 1450 674 1515 VI.
745 1449 867 1515 Sed
933 1454 1145 1515 tamen
1213 1470 1289 1515 ne
1356 1450 1470 1516 hoc
1537 1452 1671 1534 ipso
1740 1451 2013 1515 humana
2079 1469 2252 1515 mens
2320 1446 2737 1527 insolesceret,
2757 1453 2839 1518 28

478 1555 639 1636 quod
688 1554 1107 1618 substantiam
1152 1555 1315 1620 hanc
1345 1554 1631 1620 dominus
1677 1558 1952 1618 nostram
1984 1571 2118 1617 esse
2155 1554 2431 1628 dixisset,
2480 1550 2735 1616 adiecit:

479 1659 710 1723 redde
768 1660 1123 1723 debitum
1182 1662 1433 1724 tuum:
1495 1659 1610 1722 hoc
1662 1664 1775 1735 est,
1836 1662 1908 1721 ut
1954 1674 2138 1738 quem
2183 1657 2427 1721 deuotio
2473 1673 2596 1719 non
2640 1657 2739 1719 in-

480 1761 697 1826 liceret
741 1763 823 1826 ad
878 1761 1269 1845 largiendum
1331 1764 1665 1826 necessitas
1728 1762 1976 1840 cogeret
2021 1759 2101 1823 ad
2156 1759 2615 1838 exsoluendum,
2678 1760 2740 1822 et

481 1883 665 1947 quem
729 1867 807 1929 ad
872 1882 1021 1946 opus
1086 1868 1374 1928 sanctum
1433 1864 1588 1927 fides
1647 1882 1761 1928 sua
1820 1862 1958 1944 ipsa
2016 1881 2141 1926 non
2199 1863 2478 1927 traheret
2521 1861 2739 1926 saltim

414 1996 465 2036 15
482 1969 819 2033 necessitas
876 1968 1204 2033 coartaret.
1279 1968 1450 2049 prius
1496 1968 1619 2031 ait:
1682 1967 1986 2030 honora
2032 1964 2430 2030 dominum
2475 1965 2564 2028 de
2609 1968 2742 2028 tua

483 2070 973 2154 substantia,
1020 2071 1242 2137 deinde
1286 2072 1553 2149 redde,
1600 2071 1838 2152 inquit,
1902 2069 2263 2134 debitum
2310 2071 2545 2134 tuum.
2621 2069 2742 2132 1106

483 2180 580 2239 est
625 2176 861 2239 dicere:
918 2175 970 2238 si
1015 2176 1274 2240 deuotus
1321 2193 1402 2251 es,
1451 2177 1529 2238 da
1573 2173 1753 2255 quasi
1797 2177 2000 2252 tuum,
2062 2172 2115 2236 si
2160 2172 2510 2248 indeuotus‚
2558 2171 2741 2235 redde

484 2278 664 2359 quasi
723 2295 845 2341 non
900 2281 1099 2342 tuum.
1173 2278 1334 2342 bene
1390 2278 1599 2359 itaque
1642 2277 1851 2358 posuit
1897 2280 1962 2340 et
2005 2276 2197 2340 dandi
2242 2275 2631 2338 uoluntatem
2679 2276 2745 2337 et

484 2382 766 2446 soluendi
811 2381 1265 2445 necessitatem.
1329 2381 1442 2446 hoc
1487 2384 1582 2445 est
1628 2382 1844 2462 utique
1891 2380 2093 2445 dicere
2131 2379 2299 2442 omni
2346 2378 2614 2442 homini:
2662 2377 2743 2442 ad
2761 2382 2845 2446 29

417 2510 468 2550 20
488 2503 640 2568 opus
685 2488 970 2551 sanctum
1017 2488 1080 2551 et
1123 2487 1474 2552 hortatione
1503 2486 1794 2557 inuitatis
1824 2489 1887 2549 et
1918 2487 2232 2549 exactione
2263 2483 2737 2564 constringeris:

489 2590 595 2665 da,
663 2592 718 2653 si
780 2591 905 2668 uiS,
975 2591 1179 2666 redde,
1248 2591 1301 2654 si
1361 2608 1484 2654 non
1548 2589 1663 2654 uis.
1740 2588 2061 2670 apostolus
2125 2607 2364 2669 quoque
2423 2586 2489 2650 id
2532 2586 2742 2667 ipsum

486 2709 746 2757 monens
794 2693 1102 2758 diuitibus
1148 2695 1466 2775 praecipit,
1514 2713 1591 2757 ne
1644 2694 1908 2775 superbe
1954 2693 2202 2773 sapiant
2248 2709 2445 2772 neque
2492 2690 2746 2772 sperent

488 2797 552 2859 in
596 2797 832 2862 incerto
877 2798 1241 2863 diuitiarum
1273 2798 1379 2862 sed
1424 2797 1489 2860 in
1530 2799 1642 2864 deo
1688 2798 1865 2861 uiuo:
1915 2797 2040 2877 qui
2086 2794 2457 2876 praestat
2503 2792 2744 2867 nobis,

488 2897 712 2981 inquit,
771 2900 1031 2965 omnia
1075 2901 1164 2964 ad
1209 2899 1619 2964 fruendum
1663 2899 1748 2963 in
1793 2897 2216 2962 uoluntate
2260 2914 2581 2977 operum
2626 2895 2745 2958 bo-

419 3020 776 3070 asnorum.
853 3022 975 3068 uno
1033 3004 1197 3069 dicto
1255 3008 1590 3086 utrumque
1653 3003 1883 3080 docuit,
1952 3003 2072 3066 hoc
2131 3002 2228 3064 est
2285 3005 2349 3064 et
2405 2999 2514 3082 qui
2571 2998 2747 3062 daret

491 3105 749 3170 diuitias
809 3111 873 3171 et
934 3126 1044 3171 cur
1103 3111 1297 3172 daret.
1398 3109 1605 3171 dicens
1665 3107 1833 3170 enim
1894 3104 2270 3188 sperandum
2332 3122 2369 3167 a
2428 3103 2575 3178 dec,
2641 3098 2851 3181 qui3O

488 3212 762 3289 praestet
806 3211 1032 3287 omnia,
1079 3210 1352 3275 ostendit
1396 3227 1434 3273 a
1477 3212 1589 3273 deo
1636 3208 1865 3274 diuites
1911 3208 2063 3285 fieri,
2111 3207 2345 3271 addens
2390 3206 2599 3269 autem
2644 3194 2749 3267 ‘in

491 3312 908 3378 uoluntate
953 3330 1261 3394 operum
1306 3300 1700 3377 bonorum'
1760 3312 1939 3377 docet
1982 3311 2047 3374 id
2092 3311 2322 3392 ipsum,
2381 3307 2545 3390 quod
2591 3305 2749 3370 dixit

495 3432 532 3480 a
577 3415 689 3480 deo
734 3416 948 3497 tribui,
993 3417 1243 3499 propter
1286 3417 1445 3480 bona
1487 3417 1740 3480 tantum
1787 3432 1971 3495 opera
2015 3413 2344 3495 praestari:
2390 3410 2751 3493 praestat

701 3622 729 3674 1
769 3621 927 3676 Prou.
965 3620 1013 3680 3,
1049 3621 1083 3673 9
1289 3619 1322 3672 2
1357 3618 1556 3673 1166103.
1591 3618 1642 3680 4,
1677 3619 1714 3672 8
1918 3617 1987 3670 23
2034 3617 2063 3671 I
2100 3615 2238 3670 Tim.
2275 3617 2325 3681 6,
2364 3615 2425 3669 17

597 3810 632 3863 2
679 3810 872 3879 inquid
907 3810 1019 3863 AB
1224 3808 1259 3861 3
1294 3809 1415 3876 pius
1451 3809 1588 3861 AB:
1642 3807 1766 3875 pius
1799 3810 1892 3860 est
1925 3808 2185 3861 Halmius
2220 3806 2305 3861 ‘m‘l
2339 3806 2617 3860 adnotans

494 3896 531 3950 4
563 3897 754 3966 inquid
788 3898 900 3951 AB
1073 3897 1108 3951 5
1126 3895 1420 3963 dominum]
1457 3894 1548 3948 dm
1584 3894 1639 3948 Β
1673 3893 1841 3959 (idem
1868 3894 2043 3961 paulo
2077 3898 2210 3947 ante
2246 3892 2397 3958 dnm)
2554 3892 2585 3945 7
2623 3906 2753 3943 mer-

497 3999 583 4037 ces
619 3999 688 4037 eae
724 3984 914 4037 mercis
949 3997 1088 4037 corr.
1124 3998 1196 4037 m.
1220 3984 1262 4036 2
1297 3981 1409 4035 AB
1608 3980 1674 4034 12
1709 3979 1954 4033 inliceret
1990 3995 2032 4033 s.
2071 3996 2106 4031 n
2142 3995 2243 4033 scr.
2280 3978 2302 4031 1
2335 3995 2405 4033 m.
2431 3981 2471 4032 2
2506 3978 2617 4031 ΑΒ

500 4069 568 4125 14
601 4069 733 4124 fides
770 4086 838 4125 ex
871 4070 996 4123 fidis
1032 4085 1174 4123 corr.
1209 4085 1280 4123 m.
1305 4070 1347 4122 2
1380 4067 1436 4121 A
1623 4067 1743 4134 ipsa
1774 4066 1839 4119 in
1874 4066 1929 4120 Β
1958 4070 2155 4133 punct.
2348 4065 2415 4118 15
2441 4069 2571 4132 post
2604 4064 2753 4132 prius

493 4171 541 4211 s.
577 4157 613 4212 1.
649 4155 778 4210 add.
817 4172 945 4225 ergo
979 4172 1047 4208 m.
1072 4159 1110 4209 2
1143 4154 1199 4208 A
1237 4159 1308 4217 (et
1328 4154 1409 4208 sic
1432 4153 1515 4207 ed.
1543 4152 1834 4217 Baluzius)
2011 4151 2076 4205 16
2113 4148 2300 4219 inquid
2333 4151 2388 4203 Β
2565 4149 2628 4203 17
2667 4148 2751 4217 (13]

498 4242 660 4297 redde
685 4259 753 4297 ex
779 4242 844 4296 de
881 4256 1017 4297 corr.
1044 4258 1112 4297 m.
1140 4244 1180 4295 2
1216 4242 1271 4296 Β
1443 4239 1513 4293 24
1547 4237 1740 4307 inquid
1762 4237 1917 4290 nobis
1956 4238 2011 4290 Β
2186 4237 2255 4290 27
2291 4239 2528 4305 praestat
2563 4235 2618 4288 Β
