3380 4919
601 865 684 931 70

601 2099 678 2163 71

604 3047 686 3113 72

702 267 823 332 178
1350 342 1355 345 Δ
1661 265 1986 320 Saluiani

703 456 882 538 probi
923 455 1109 522 officii
1153 457 1634 539 procurationeS,
1681 475 1824 522 cum
1868 457 2211 524 uiderimus
2257 458 2456 542 qualis
2503 457 2798 535 extiterit,
2845 457 2954 523 ubi

704 561 934 624 summi
981 577 1223 642 semper
1268 560 1442 625 fuere
1487 563 1773 625 rectores
1829 579 1948 643 quo
1993 561 2127 626 loco
2172 579 2356 644 prope
2387 565 2480 626 est
2522 562 2597 625 ut
2639 560 2956 642 paeniteat

702 680 803 726 me
846 661 1275 744 promissionis
1320 681 1512 741 meae,
1559 663 1626 727 id
1671 665 1787 741 est,
1834 665 1996 746 quod
2040 663 2319 746 superius
2349 663 2664 745 spopondi,
2714 662 2953 728 cunctis

702 784 888 847 prope
922 765 1219 830 Afrorum
1266 764 1629 831 criminibus
1663 765 2122 849 praetermissis
2154 766 2228 830 de
2256 765 2731 849 impuritatibus
2775 783 2957 850 prae-

703 869 881 951 cipue
927 887 999 933 ac
1051 867 1452 950 blasphemiis
1513 886 1729 933 eorum
1786 887 1887 934 me
1949 886 2082 933 esse
2142 867 2478 934 dicturum.
2557 868 2736 932 uideo
2786 867 2954 932 enim
3000 893 3025 932 5

701 973 881 1054 quasi
927 972 1411 1036 scaturrientem
1459 971 1633 1037 uitiis
1665 972 2005 1052 ciuitatem,
2053 973 2234 1039 uideo
2278 974 2492 1039 urbem
2530 970 2813 1036 omnium
2856 971 2953 1035 in-

700 1075 1041 1157 iquitatum
1085 1092 1307 1157 genere
1352 1075 1718 1155 sementem,
1763 1077 2011 1157 plenam
2057 1075 2306 1157 quidem
2352 1074 2555 1140 turbis
2600 1075 2710 1139 sed
2754 1073 2955 1157 magis

699 1177 1226 1261 turpitudinibuS,
1273 1179 1521 1261 plenam
1566 1177 1807 1243 diuitiis
1855 1179 1963 1244 sed
2008 1178 2213 1262 magis
2258 1178 2432 1243 uitiis
2452 1227 2467 1257 ,
2526 1176 2847 1241 uincentes
2891 1193 2955 1240 se

700 1281 975 1346 inuicem
1019 1282 1297 1346 homines
1343 1281 1625 1365 nequitia
1666 1281 2051 1365 flagitiorum
2095 1299 2371 1360 suorum,
2418 1281 2573 1347 alios
2608 1278 2956 1362 rapacitate

701 1383 854 1448 alios
898 1383 1266 1466 impuritate
1313 1386 1635 1463 certanteS,
1681 1385 1840 1450 alios
1886 1385 2032 1450 uino
2076 1383 2403 1468 languidos
2449 1383 2605 1449 alios
2651 1382 2956 1447 cruditate
2974 1409 3025 1448 ιο

700 1487 1026 1573 distentos,
1071 1489 1182 1552 hos
1227 1489 1411 1553 sertis
1455 1487 1778 1553 redimitos
1822 1489 1967 1552 illos
2014 1485 2348 1573 unguentis
2392 1487 2651 1565 oblitos,
2699 1490 2954 1551 cunctos

700 1591 872 1657 uario
919 1592 1100 1656 luxus
1148 1608 1423 1657 marcore
1484 1593 1792 1673 perdit08‚
1851 1592 1961 1656 sed
2018 1610 2207 1676 paene
2252 1609 2465 1655 omnes
2510 1609 2636 1655 una
2681 1606 2956 1653 errorum

700 1697 901 1759 morte
958 1698 1298 1776 prostratos
1315 1742 1330 1772 ,
1403 1713 1525 1759 non
1583 1712 1793 1758 omnes
1859 1695 2113 1777 quidem
2171 1694 2513 1763 uinolentia
2577 1691 2954 1757 temulentos

701 1798 809 1861 sed
864 1815 1074 1861 omnes
1133 1801 1343 1862 tamen
1403 1799 1671 1881 peccatis
1728 1799 1947 1864 ebrios.
2037 1799 2294 1883 populos
2351 1802 2604 1882 putares
2648 1815 2774 1863 non
2818 1795 2955 1860 sani

703 1901 907 1964 status
952 1918 1077 1965 non
1121 1902 1217 1965 sui
1262 1920 1500 1980 sensuS,
1548 1920 1671 1966 non
1718 1901 1926 1966 animo
1972 1902 2313 1967 incolumes
2358 1920 2478 1965 non
2520 1901 2733 1984 gradu,
2782 1899 2956 1981 quasi
2975 1924 3024 1965 ιε

701 2003 768 2066 in
823 2019 1058 2067 morem
1117 2005 1575 2086 crapulatarum
1634 2005 1963 2070 turbarum
2022 2006 2389 2070 cateruatim
2442 2005 2509 2068 in
2562 2022 2628 2068 se
2685 2004 2953 2067 ruentes

700 2105 827 2169 iam
888 2124 1034 2171 uero
1096 2106 1255 2172 illud
1323 2109 1668 2181 cuiusmodi
1713 2112 1821 2172 aut
1882 2126 2065 2190 quam
2125 2126 2316 2190 graue
2343 2156 2358 2184 ,
2422 2126 2647 2190 genere
2708 2105 2955 2187 quidem

704 2210 934 2292 dispar,
983 2209 1092 2275 sed
1122 2211 1456 2294 iniquitate
1500 2230 1621 2276 non
1669 2211 1898 2293 dispar,
1948 2211 2067 2274 nisi
2097 2212 2162 2274 in
2208 2212 2322 2275 hoc
2351 2212 2561 2292 dispar
2607 2209 2767 2273 forte
2811 2208 2955 2291 quia

703 2313 930 2379 maius.
976 2314 1457 2395 proscriptiones
1493 2313 1627 2379 dico
1651 2315 2012 2378 orfanorum
2041 2313 2372 2378 uiduarum
2402 2311 2767 2379 afflictiones
2797 2330 2953 2393 pau-

701 2435 918 2501 perum
987 2435 1226 2482 cruces:
1295 2417 1402 2501 qui
1468 2417 1959 2501 ingemescentes
2016 2419 2238 2484 cotidie
2298 2418 2375 2481 ad
2422 2417 2608 2481 deum
2652 2432 2725 2480 ac
2768 2415 3023 2479 finem20

701 2520 1010 2586 malorum
1065 2522 1450 2601 inprecantes
1496 2524 1578 2605 et,
1638 2524 1800 2602 quod
1853 2522 2299 2605 grauissimum
2353 2524 2465 2596 est,
2522 2520 2838 2585 interdum
2884 2518 2951 2583 ui

700 2622 932 2688 nimiae
1005 2623 1442 2688 amaritudinis
1510 2623 1702 2688 etiam
1770 2625 2115 2689 aduentum
2189 2624 2465 2689 hostium
2539 2621 2949 2705 postulanteS,

700 2726 1034 2807 aliquando
1067 2744 1105 2790 a
1145 2730 1255 2792 deo
1300 2726 1733 2809 impetrarunt,
1779 2730 1852 2790 ut
1899 2728 2241 2791 euersiones
2285 2727 2538 2791 tandem
2570 2746 2643 2791 ac
2670 2725 2951 2790 barbaris

701 2828 769 2892 in
835 2846 1164 2893 commune
1233 2829 1597 2910 tolerarent,
1666 2848 1819 2911 quas
1885 2830 2003 2895 soli
2064 2848 2101 2894 a
2158 2829 2455 2894 Romanis
2516 2832 2660 2893 ante
2717 2828 2950 2893 tolera-

704 2935 940 2996 uerant.
2974 2951 3023 2994 25

790 3050 994 3116 XVII.
1062 3050 1181 3117 Sed
1235 3053 1367 3116 esto
1421 3051 1572 3117 haec
1631 3052 1843 3117 omnia
1906 3052 2506 3134 praetermittantur,
2580 3054 2723 3135 quia
2779 3055 2841 3115 et
2886 3052 2953 3115 in

705 3155 874 3219 omni
942 3154 1138 3218 ferme
1205 3155 1479 3237 aguntur
1545 3156 1686 3221 orbe
1755 3156 2033 3220 Romano
2101 3157 2165 3219 et
2230 3155 2529 3238 spopondi
2588 3174 2688 3219 me
2734 3155 2808 3219 de
2854 3155 2953 3219 his

807 3431 838 3484 1
862 3429 1255 3498 procurationes
1279 3444 1347 3483 ex
1372 3429 1482 3482 -nis
1506 3428 1562 3482 A
1585 3444 1723 3483 corr.
1749 3445 1817 3482 m.
1843 3433 1879 3484 2
2070 3430 2104 3482 3
2131 3427 2472 3497 professionis
2496 3428 2552 3481 B
2746 3427 2781 3481 4
2803 3443 2951 3496 prae-

703 3516 886 3583 cipuae
913 3521 1111 3585 punct.
1147 3531 1180 3568 a
1206 3521 1407 3585 poster.
1445 3515 1501 3568 A
1689 3516 1725 3570 5
1758 3531 1842 3569 me
1874 3530 1973 3569 om.
2011 3515 2123 3569 AB
2159 3514 2345 3581 (rell.);
2402 3514 2463 3567 in
2498 3531 2531 3569 v
2565 3530 2739 3583 maa-9.
2776 3514 2957 3569 adeor.

701 3602 1080 3656 Brassicanws
1283 3601 1316 3654 6
1361 3600 1736 3654 scaturientem
1777 3616 1820 3655 s.
1856 3615 1958 3655 scr.
1995 3601 2092 3655 alt.
2127 3616 2155 3652 1·
2190 3616 2259 3653 m.
2294 3602 2334 3653 2
2369 3599 2424 3652 A
2461 3600 2531 3666 cf.
2568 3600 2644 3653 ad
2679 3599 2718 3653 1
2749 3602 2823 3653 43

707 3687 772 3739 10
805 3686 1122 3741 crudelitate
1157 3702 1225 3741 ex
1258 3687 1314 3740 A
1349 3687 1538 3742 adnot.
1574 3687 1835 3741 Halmius
2052 3687 2115 3741 11
2154 3687 2442 3755 unguentis
2478 3702 2549 3741 ex
2584 3689 2690 3739 -tes
2725 3686 2781 3739 A
2816 3700 2956 3743 corr.

701 3789 772 3825 m.
788 3776 827 3827 2
966 3773 1031 3826 14
1053 3789 1232 3828 omnes
1251 3780 1305 3829 et
1326 3774 1499 3829 ebrios
1521 3780 1577 3830 etr
1593 3776 1816 3844 populos
1832 3775 1888 3829 A
1913 3789 2051 3830 corr.
2072 3790 2141 3829 ex
2163 3776 2353 3840 omnis,
2379 3773 2571 3840 ebriuS‚
2596 3773 2821 3842 populus

705 3859 883 3910 tamen
918 3874 1020 3914 om.
1055 3860 1112 3913 B
1317 3860 1384 3915 15
1417 3861 1704 3916 incolomes
1738 3860 1850 3914 AB
2057 3860 2122 3914 16
2155 3861 2431 3914 immorem
2466 3860 2521 3913 A
2557 3899 2564 3906 .
2718 3859 2958 3913 inse-ru·

704 3946 856 3996 entes
880 3944 1001 4013 (sic)
1035 3945 1117 3999 A:
1163 3945 1524 4000 inseruientes
1558 3946 1615 4000 B
1822 3947 1888 4001 18
1922 3952 1959 3999 fi
1986 3953 2112 4015 poet
2147 3946 2435 4016 iniquitate
2467 3962 2511 4000 ε.
2537 3946 2572 4000 Ζ.
2598 3962 2667 4001 m.
2692 3948 2732 3999 2
2765 3947 2822 4000 A

704 4028 775 4081 20
824 4028 1242 4098 ingemiscentes
1297 4048 1366 4087 ex
1415 4032 1833 4101 ingemescentes
1886 4032 1942 4085 A
1986 4039 2115 4087 mut.
2160 4049 2228 4087 m.
2266 4034 2306 4086 2
2509 4032 2578 4087 23
2630 4030 2958 4086 euersionem

705 4114 762 4167 B
965 4116 1034 4170 24
1085 4120 1210 4172 ante
1261 4122 1312 4184 (a
1346 4134 1417 4173 m.
1452 4120 1493 4173 2
1527 4117 1680 4186 add.)
1729 4119 1969 4171 romanis
2024 4119 2080 4172 B
2288 4118 2355 4171 27
2401 4118 2548 4171 omni
2596 4134 2668 4173 ex
2713 4133 2868 4171 omne
2904 4119 2958 4170 A

705 4216 843 4257 corr.
877 4218 946 4257 m.
981 4205 1022 4258 2
1055 4204 1184 4259 item
1211 4210 1342 4274 post
1377 4206 1502 4259 orbe
1539 4221 1610 4261 ex
1645 4205 1778 4259 urbe
