3380 4919
1142 321 1215 376 de
1251 321 1516 390 gubern.
1555 322 1661 375 dei
1697 320 1774 375 VI
1815 324 1845 387 ᾖ
1880 320 2033 375 3-8.
2591 324 2717 391 125

461 512 651 589 erant,
713 529 852 577 ecce
897 511 964 577 in
1022 510 1170 594 quid
1225 512 1463 579 redacti
1508 529 1741 589 sumne,
1800 512 1874 577 ut
1916 510 2163 578 beatam
2210 511 2339 577 fore
2384 510 2710 579 ecclesiam

458 613 822 693 iudicemus,
892 614 944 680 si
1000 615 1104 680 uel
1158 614 1409 679 tantum
1464 614 1528 678 in
1589 632 1655 679 se
1698 614 1841 680 boni
1886 612 2115 679 habeat
2184 616 2484 696 quantum
2537 614 2706 679 mali.

459 736 599 782 nam
669 719 974 801 quomodo
1042 736 1164 784 non
1228 716 1480 783 beatam
1550 718 2008 795 arbitraremur,
2079 717 2134 781 si
2192 717 2463 783 mediam
2507 718 2711 800 plebis

460 821 698 903 partem
742 819 1000 887 haberet
1043 821 1378 897 innoxiam,
1431 838 1618 904 quam
1646 838 1856 903 ‚paene
1902 822 2102 886 totam
2148 839 2308 887 nunc
2356 840 2485 886 esse
2528 821 2711 902 plan-

422 923 663 1006 5gimus
710 921 1155 989 criminosam?
1217 923 1383 989 unde
1427 922 1754 1004 superflue,
1803 939 1946 989 cum
1991 922 2108 988 hoc
2136 923 2230 989 ita
2262 922 2363 1003 sit,
2408 920 2780 1005 superflue&

461 1025 696 1091 dudum
742 1026 817 1091 de
876 1045 998 1092 uno
1056 1025 1224 1097 malo
1290 1025 1485 1091 locuti
1551 1044 1788 1109 sumus,
1856 1024 2162 1108 superflue
2230 1027 2413 1091 unius
2479 1025 2713 1091 scelera

462 1127 854 1210 defleuimus;
924 1129 1032 1195 aut
1087 1145 1300 1192 omnes
1361 1127 1531 1191 enim
1590 1128 1703 1193 aut
1760 1144 1951 1209 paene
2006 1146 2218 1194 omnes
2277 1127 2464 1193 flendi
2522 1131 2712 1211 atque

458 1229 715 1313 lugendi
781 1231 948 1295 sunt.
1025 1248 1170 1296 nam
1227 1230 1335 1296 aut
1400 1228 1656 1313 plurimi
1724 1228 1884 1295 tales
1938 1231 2085 1295 sunt
2140 1233 2251 1298 aut
2298 1233 2482 1315 certe,
2549 1229 2712 1313 quod

460 1351 579 1398 non
626 1333 833 1398 minus
880 1332 1281 1401 criminosum
1315 1333 1429 1409 est,
1476 1333 1741 1416 cupiunt
1784 1334 1941 1398 tales
1976 1352 2110 1399 esse
2142 1334 2206 1398 et
2246 1334 2533 1400 laborant
2563 1337 2711 1400 actu

400 1454 446 1494 10
461 1437 767 1502 malorum
834 1454 1089 1518 operum
1157 1452 1279 1501 non
1345 1437 1611 1518 impares
1680 1436 1914 1516 uideri;
1985 1453 2057 1501 ac
2099 1454 2211 1519 per
2255 1437 2388 1518 hoc,
2431 1437 2711 1503 setiamsi

462 1538 703 1604 minora
746 1539 915 1605 mala
960 1538 1229 1616 faciunt,
1276 1538 1425 1622 quia
1468 1539 1675 1603 minus
1721 1540 2015 1619 possunt,
2075 1557 2197 1603 non
2243 1539 2451 1604 minus
2497 1541 2708 1606 tamen

463 1642 611 1706 mali
653 1645 821 1719 sunt,
878 1642 1024 1724 quia
1072 1640 1275 1707 nolint
1331 1640 1537 1707 minus
1587 1659 1741 1717 esse,
1787 1642 1842 1706 si
1887 1641 2143 1724 possint.
2220 1644 2500 1726 denique,
2548 1638 2776 1726 quod?

464 1762 653 1809 unum
700 1745 994 1827 possunt,
1053 1746 1157 1810 uel
1211 1746 1358 1809 uoto
1406 1744 1567 1809 tales
1615 1744 1766 1809 sunt
1809 1761 1896 1809 ac.
1927 1744 2249 1810 uoluntate
2293 1764 2414 1810 non
2462 1746 2706 1825 cedunt,

465 1850 523 1910 et
566 1846 633 1910 in
687 1853 991 1930 quantum
1060 1847 1327 1913 facultas
1395 1848 1706 1930 suppetit,
1774 1865 2068 1930 superare
2134 1849 2536 1915 contendunt.
2612 1850 2711 1914 est

404 1968 446 2006 ιι
465 1949 626 2013 enim
670 1951 819 2015 licet
861 1951 928 2015 in
974 1949 1416 2015 dissimillimis
1462 1949 1644 2014 rebus
1686 1949 1840 2015 haec
1868 1947 2121 2017 illorum
2168 1952 2505 2017 aemulatio
2550 1969 2707 2034 quae

462 2050 783 2131 bonorum,
852 2055 924 2118 ut
981 2054 1143 2118 sicut
1200 2052 1347 2118 boni
1413 2053 1631 2135 optant
1699 2055 1947 2118 cunctos
2016 2053 2340 2119 honestate
2405 2054 2714 2119 mentium

464 2154 726 2234 uincere,
775 2154 866 2220 sic
910 2154 1067 2221 mali
1115 2154 1375 2237 cupiant
1420 2155 1735 2236 prauitate
1780 2173 2090 2239 superare.
2159 2175 2305 2221 nam
2351 2157 2515 2221 sicut
2561 2156 2717 2221 haec

464 2256 760 2324 bonorum
806 2258 1010 2341 gloria
1055 2260 1147 2323 est
1193 2261 1263 2323 ut
1310 2256 1540 2324 cotidie
1585 2256 1872 2323 meliores
1916 2256 2064 2333 sint,
2111 2257 2203 2322 sic
2237 2260 2546 2324 malorum
2578 2275 2710 2322 om-

464 2359 638 2426 nium
683 2364 755 2425 ut
813 2361 1165 2441 deteriores,
1238 2364 1302 2425 et
1360 2359 1523 2425 sicut
1591 2359 1814 2442 optimi
1880 2360 2143 2442 cupiunt
2209 2350 2526 2425 uirtutum
2564 2360 2708 2425 uni-

403 2480 783 2530 zouersarum
849 2465 1098 2531 culmen
1155 2467 1500 2546 ascendere,
1569 2463 1661 2528 sic
1714 2463 1967 2545 pessimi
2026 2465 2244 2545 optant
2303 2465 2541 2546 palmas
2588 2463 2712 2529 sibi

465 2570 895 2633 uniuersorum
963 2569 1270 2634 scelerum
1336 2568 1674 2634 uindicare.
1751 2571 1813 2632 et
1883 2567 1997 2634 hoc
2068 2569 2282 2651 utique
2347 2570 2409 2632 in
2471 2567 2709 2632 malum
2734 2560 2787 2626 8-

462 2672 744 2737 nostrum
788 2672 1058 2738 maxime
1102 2671 1322 2751 nostri,
1367 2671 1482 2737 hoc
1527 2675 1640 2747 est,
1701 2668 1972 2735 maxime
2016 2668 2374 2748 Christiani,
2434 2671 2554 2753 qui·
2575 2669 2709 2736 sci-

462 2772 629 2853 licet,
697 2775 772 2839 ut
827 2774 948 2841 iam
1022 2773 1308 2858 diximus,
1376 2773 1694 2839 malitiam
1763 2772 2136 2857 sapientiam
2204 2775 2446 2856 putant,
2517 2776 2582 2838 et
2638 2775 2712 2839 de

465 2876 685 2957 quibus
745 2877 1101 2958 specialiter
1159 2877 1306 2946 deus
1366 2876 1551 2943 dicitz
1620 2878 1934 2958 perdam
1980 2876 2708 2959 sapientiamsapi-
2773 2893 2776 2898 ·

399 2978 764 3046 mentium
808 2980 884 3043 et
930 2978 1443 3045 intellectum
1488 2980 1996 3061 prudentium
2033 2978 2491 3062 reprobabo.
2537 2998 2712 3045 cum-

465 3098 581 3163 que
628 3084 940 3165 apostolus
985 3084 1243 3167 clamet,
1290 3082 1356 3147 si
1403 3082 1578 3166 quis
1625 3082 1953 3147 uidetur
1998 3083 2345 3166 sapiens,
2406 3083 2713 3147 stultus

464 3182 612 3249 fiat
677 3185 760 3248 ut
825 3186 931 3249 sit
997 3186 1349 3267 sapienS,
1416 3186 1533 3249 hoc
1598 3187 1695 3250 est
1760 3186 1984 3264 dicere,
2054 3186 2107 3250 si
2169 3186 2307 3270 quis
2373 3186 2512 3251 uult
2584 3204 2714 3250 esse

465 3286 741 3368 sapione,
805 3289 891 3352 sit
934 3286 1159 3371 bonuS,
1221 3289 1366 3372 quia
1410 3306 1590 3353 nemo
1635 3289 2080 3372 uere²sapiens
2127 3288 2253 3354 nisi
2294 3306 2438 3353 uere
2483 3288 2711 3355 bonus:

466 3406 573 3453 nos
619 3407 650 3453 e
697 3389 944 3454 diuerso
1003 3391 1311 3457 malarum
1375 3391 1684 3456 mentium
1743 3390 1921 3471 uitio,
1993 3394 2072 3470 et,
2141 3394 2214 3456 ut
2257 3390 2551 3457 diuinitas
2598 3390 2709 3469 ait,

669 3608 737 3663 24
774 3610 802 3664 I
840 3611 955 3667 Cor.
997 3613 1043 3679 1,
1082 3612 1146 3666 19
1353 3613 1420 3668 26
1455 3614 1483 3668 I
1521 3612 1638 3671 Cor.
1677 3615 1728 3681 3,
1767 3615 1833 3670 18

570 3817 596 3869 1
635 3816 810 3884 erant]
847 3818 974 3870 sunt
1010 3817 1064 3870 Β
1253 3818 1287 3871 3
1321 3818 1705 3872 arbitraremus
1743 3818 1797 3871 Β
1988 3817 2023 3871 6
2057 3817 2254 3871 scelere
2288 3819 2344 3871 A
2538 3819 2569 3872 7
2603 3832 2718 3871 om·

464 3914 555 3954 nes
588 3916 721 3970 pene
756 3903 854 3955 aut
889 3917 1073 3956 omnes
1110 3904 1249 3957 enim
1295 3903 1457 3958 flendi
1503 3904 1558 3957 Β
1767 3902 1844 3957 12·
1879 3903 2073 3958 nolunt
2118 3904 2172 3957 Β
2381 3904 2447 3959 13
2491 3903 2628 3959 tales
2673 3919 2717 3958 s.

462 3998 565 4040 ser.
601 4003 671 4043 m.
696 3990 732 4043 2
763 3991 797 4040 ἶ
835 3989 926 4056 (=
947 3990 1103 4053 sunt).
1133 3989 1186 4042 A
1211 3990 1309 4056 (sic
1324 3989 1500 4057 paulo
1522 3993 1653 4043 ante
1674 3993 1740 4043 8:
1786 3988 2040 4057 lugendi?
2070 3994 2122 4044 et
2156 3989 2375 4058 plurimi
2410 3991 2581 4045 talesff

467 4070 531 4124 14
556 4078 686 4141 poet
720 4072 949 4129 facultas
987 4088 1123 4129 erae.
1162 4080 1198 4127 fi
1232 4076 1288 4128 A
1478 4074 1542 4128 17
1568 4074 1796 4142 cupiunt
1818 4074 1873 4127 A
2062 4074 2131 4129 20
2149 4075 2375 4144 'pessimi
2399 4090 2467 4131 ex
2490 4076 2718 4146 pessimo

463 4157 518 4210 A
547 4174 686 4213 corr.
711 4175 780 4215 m.
804 4161 845 4215 2
1041 4160 1108 4213 22
1142 4159 1371 4215 maxime
1405 4165 1561 4228 (ante
1598 4159 1915 4227 Christiani)
1952 4175 2056 4215 om.
2077 4160 2146 4215 'B
2339 4161 2408 4216 24
2444 4162 2570 4216 deus
2607 4176 2732 4230 spe-ff

465 4243 669 4298 cialiter
703 4245 757 4298 Β
967 4245 1105 4299 dixit
1138 4246 1193 4300 Β
1398 4246 1466 4301 29
1501 4246 1766 4301 malorum
1805 4247 1858 4300 A
