3380 4919
611 327 737 395 272
1586 329 1896 382 8811118111

613 520 790 585 nulla
855 520 956 598 sit,
1025 521 1176 586 foris
1243 522 1578 586 discrimen
1644 521 1986 601 arcessunt,
2056 524 2118 585 et
2175 519 2323 586 licet
2385 539 2602 586 causae
2661 523 2868 587 desint

610 625 1042 705 periculorum,
1112 627 1307 691 ruunt
1374 629 1586 690 tamen
1657 624 1837 708 quasi
1891 625 1959 689 in
2013 623 2341 689 interitum
2403 624 2865 691 uoluntarium:

612 744 872 807 quorum
918 744 1149 792 errores
1194 727 1611 793 infelicissimi
1670 746 1792 810 quo
1838 727 2062 792 affectu
2107 728 2298 792 animi
2344 727 2694 809 accipiendi
2740 728 2870 792 sint

611 847 796 912 prope
840 828 1151 895 incertum
1182 831 1345 913 apud
1391 833 1694 912 quosdam
1728 831 1926 895 uideri
1971 830 2197 913 potest,
2244 831 2719 896 irascendumne
2764 832 2862 895 his

512 939 584 1002 11
610 953 689 998 an
735 934 1069 999 dolendum
1128 934 1229 997 sit.
1300 951 1467 998 error
1523 933 1693 998 enim
1753 934 1961 999 dolore
2006 933 2231 1019 dignus
2280 935 2376 999 est
2420 935 2682 1016 inpietas
2726 953 2864 998 exe·
2912 955 2938 995 5

611 1036 916 1101 cratione:
983 1037 1060 1101 ad
1120 1035 1336 1100 fletum
1395 1038 1706 1102 trahimur
1765 1035 2142 1101 infelicitate
2198 1037 2275 1101 ad
2336 1038 2718 1102 iracundiam
2763 1040 2861 1102 in-

610 1138 929 1204 fidelitate.
1007 1140 1072 1203 in
1118 1158 1243 1204 una
1272 1158 1339 1203 re
1373 1142 1469 1203 est
1499 1158 1618 1222 quo
1652 1158 1763 1222 pro
1796 1140 2120 1205 hominum
2151 1139 2513 1223 insipientia
2543 1140 2869 1222 lugeamus

612 1244 678 1308 in
722 1242 849 1308 alia
893 1260 1011 1324 quo
1059 1261 1168 1325 pro
1212 1243 1312 1308 dei
1359 1261 1565 1308 amore
1602 1261 1981 1320 moneamur,
2029 1244 2232 1307 ullum
2264 1244 2513 1307 omnino
2544 1244 2869 1308 hominum

610 1346 882 1410 inueniri
930 1347 1041 1410 aut
1087 1364 1217 1410 esse
1263 1364 1458 1427 posse,
1506 1345 1614 1427 qui
1659 1345 1912 1412 decurso
1954 1346 2223 1411 infelicis
2256 1346 2425 1411 uitae
2457 1345 2640 1411 istius
2686 1347 2864 1412 breui

612 1450 832 1532 spatio,
878 1450 944 1513 in
975 1450 1111 1530 ipsa
1140 1450 1532 1513 extremitate
1563 1450 1693 1513 iam
1722 1449 2017 1532 pendenS‚
2063 1450 2266 1513 iturus
2298 1449 2442 1514 ilico
2476 1452 2552 1514 ad
2585 1449 2867 1514 tribunal
2889 1474 2940 1514 ιο

613 1554 731 1634 dei,
800 1552 1128 1633 quicquam
1196 1553 1365 1618 aliud
1431 1554 1662 1635 cogitet
1718 1553 1964 1634 praeter
2018 1550 2206 1616 finem
2267 1570 2469 1630 suum,
2539 1553 2867 1634 quicquam

613 1656 785 1721 aliud
831 1657 1080 1737 praeter
1126 1656 1363 1719 exitum
1408 1673 1609 1735 suum,
1657 1655 1988 1737 quicquam
2019 1654 2189 1719 aliud
2232 1656 2475 1736 praeter
2517 1657 2864 1738 periculum

613 1777 815 1835 suum,
873 1762 936 1822 et
980 1758 1266 1842 neglecta
1309 1777 1416 1841 spe
1462 1776 1578 1823 sua
1623 1759 1812 1840 atque
1856 1757 2083 1838 anima,
2146 1758 2247 1822 cui
2293 1757 2585 1840 opitulari
2631 1758 2869 1840 aliqua-

612 1863 793 1925 tenus
850 1863 954 1925 uel
997 1863 1063 1925 in
1119 1860 1363 1926 ultimis
1418 1860 1547 1925 suis
1604 1861 1777 1925 omni
1824 1862 2026 1927 studio
2073 1863 2239 1927 omni
2287 1863 2426 1925 nisu
2472 1860 2642 1925 omni
2688 1879 2751 1924 re
2798 1877 2869 1923 ac

614 1963 970 2028 substantia
1013 1981 1127 2027 sua
1170 1963 1407 2041 debeat,
1455 1964 1571 2028 hoc
1616 1964 1819 2029 solum
1865 1965 2095 2047 cogitet
2136 1965 2256 2028 hoc
2288 1966 2493 2028 solum
2524 1966 2728 2029 animo
2760 1981 2940 2028 suom

613 2068 851 2145 uoluat,
899 2085 1086 2147 quam
1133 2066 1306 2131 laute
1352 2067 1531 2133 heres
1577 2086 1726 2131 suus
1771 2087 1866 2132 res
1909 2087 2051 2132 suas
2098 2067 2420 2132 comedat!

515 2214 595 2281 12
699 2205 819 2270 III.
881 2204 1231 2270 Miserrime
1277 2206 1574 2284 omnium,
1621 2207 1770 2287 quid
1816 2204 2126 2270 sollicitus
2159 2225 2223 2271 es
2256 2208 2402 2288 quid
2433 2210 2675 2272 aestuas
2721 2206 2870 2288 quid

616 2310 933 2374 auctorem
978 2309 1041 2373 te
1087 2308 1220 2390 ipse
1267 2328 1476 2374 rerum
1519 2311 1937 2391 periturarum
1983 2309 2188 2375 facis?
2244 2328 2324 2374 an
2356 2311 2543 2376 times
2588 2309 2748 2375 forte
2793 2328 2871 2374 ne

615 2412 823 2479 desint
890 2411 998 2496 qui
1055 2414 1118 2477 te
1164 2417 1412 2480 mortuo
1479 2416 1654 2496 quod
1708 2413 2030 2498 reliqueris
2088 2415 2360 2479 uorent?
2430 2413 2571 2478 nolo
2630 2416 2870 2478 metuas

615 2518 758 2582 nolo
816 2517 1108 2582 uereariS.
1185 2518 1429 2582 utinam
1488 2521 1619 2581 tam
1681 2517 1865 2582 facile
1925 2519 1994 2582 tu
2041 2518 2253 2583 saluus
2300 2535 2464 2581 esses
2525 2534 2712 2597 quam
2757 2521 2867 2580 tua
2892 2540 2943 2579 20

615 2620 826 2687 omnia
883 2619 1282 2702 deperibunt!
1359 2640 1393 2686 0
1455 2618 1792 2685 infidelitas
1855 2638 1888 2684 0
1939 2619 2345 2702 peruersitas!
2423 2618 2618 2683 etiam
2676 2619 2863 2699 uulgo

617 2724 859 2790 dictum
905 2726 1017 2802 est,
1065 2741 1280 2790 omnes
1328 2724 1448 2789 sibi
1494 2725 1719 2788 melius
1765 2722 1930 2789 uelle
1974 2742 2158 2805 quam
2207 2723 2412 2788 alteri.
2479 2740 2711 2787 nouum
2755 2722 2869 2786 hoc

615 2827 883 2891 monstri
926 2845 1123 2912 genus
1172 2828 1270 2890 est
1316 2826 1575 2891 cuilibet
1623 2844 1996 2909 quemquam
2042 2827 2206 2891 uelle
2252 2825 2570 2891 consulere
2617 2826 2872 2889 tantum

518 2940 598 3004 13
616 2950 692 2994 ne
761 2928 902 2995 sibi.
980 2948 1119 2994 ecce
1185 2929 1390 2993 iturus
1446 2948 1531 3012 00,
1598 2928 2032 2995 infelicissime
2097 2929 2399 3009 omnium,
2470 2928 2549 2992 ad
2616 2946 2874 2992 examen

619 3050 867 3096 sacrum
926 3031 1004 3095 ad
1062 3033 1457 3096 tremendum
1511 3032 1672 3098 illud
1729 3032 2313 3114 intolerandumque
2379 3031 2701 3108 iudicium,
2767 3033 2873 3097 ubi
2893 3055 2943 3097 25

618 3133 1047 3217 peregrinanti
1104 3134 1350 3198 animae
1407 3136 1593 3217 atque
1638 3138 1855 3200 anxiae
1900 3136 2146 3200 nullum
2192 3136 2403 3217 potest
2448 3134 2696 3198 omnino
2742 3153 2872 3198 esse

617 3238 918 3303 solacium
985 3237 1107 3302 nisi
1173 3238 1307 3303 sola
1372 3239 1806 3303 tantummodo
1874 3235 2038 3303 bona
2109 3237 2492 3302 conscientia
2555 3236 2678 3302 nisi
2742 3237 2876 3301 sola

618 3342 869 3407 tantum
928 3341 1222 3406 innocens
1282 3341 1420 3407 uita
1477 3344 1604 3423 aut,
1668 3341 1832 3424 quod
1891 3340 2240 3424 proximum
2303 3342 2397 3405 est
2449 3342 2642 3406 bonae
2687 3339 2876 3422 uitae,

618 3444 1063 3530 misericordia,
1126 3445 1234 3510 ubi
1293 3463 1396 3509 reo
1440 3445 1678 3510 homini
1724 3446 1969 3510 nullum
2014 3448 2110 3509 est
2156 3444 2536 3510 adiutorium
2582 3442 2707 3507 nisi
2750 3440 2878 3507 sola

822 3651 886 3704 21
933 3648 1143 3703 Terent.
1180 3650 1341 3703 Andr.
1380 3650 1456 3715 Π,
1492 3650 1543 3713 5,
1582 3647 1649 3702 16

724 3841 758 3894 3
812 3844 939 3893 sunt
990 3840 1046 3892 B
1252 3838 1358 3907 his]
1407 3838 1475 3890 iis
1522 3836 1603 3892 ed.
1652 3835 1929 3889 Baluzius
2136 3835 2166 3887 7
2211 3849 2314 3904 quo
2356 3835 2440 3888 A:
2491 3833 2632 3903 quod
2668 3850 2736 3889 ex
2770 3850 2874 3903 quo

621 3941 759 3982 corr.
807 3943 876 3980 m.
910 3929 951 3980 2
993 3927 1049 3979 B
1268 3925 1303 3978 8
1347 3924 1405 3976 111
1450 3921 1559 3976 8118
1607 3936 1711 3990 quo
1758 3921 1839 3974 A:
1899 3921 1956 3973 in
2004 3921 2185 3989 aliquo
2231 3920 2286 3973 B
2343 3920 2402 3973 in
2452 3919 2560 3973 8118
2602 3919 2744 3988 quod
2797 3920 2880 3976 ed.

623 4014 898 4068 Baluzius
1104 4012 1167 4064 17
1230 4012 1435 4064 *estuas
1493 4024 1631 4062 eras.
1687 4025 1719 4062 a
1771 4007 1850 4060 lit.
1903 4007 1958 4060 A
2175 4007 2241 4060 18
2293 4021 2468 4060 rerum
2520 4005 2882 4074 periturarum

621 4101 737 4169 ipse
783 4103 839 4153 te
887 4098 968 4153 ed.
1005 4097 1278 4151 Baluziws
1313 4094 1417 4163 (ed.
1456 4097 1513 4164 4)
1723 4093 1879 4146 times
1933 4109 2001 4146 ex
2053 4092 2205 4145 timis
2258 4108 2396 4146 corr.
2442 4108 2509 4144 m.
2547 4095 2584 4145 2
2633 4091 2746 4146 AB

625 4187 691 4241 19
737 4184 1076 4252 dereliqueris
1124 4183 1179 4236 B
1386 4181 1453 4235 25
1498 4171 1971 4247 intollerandu'mq.
2007 4195 2147 4234 eras,
2186 4178 2278 4233 alt.
2319 4178 2337 4230 l
2372 4179 2426 4230 A
2632 4178 2700 4232 26
2736 4193 2880 4248 pere-

626 4270 891 4342 grainanti
929 4269 983 4321 A
