3380 4919
1060 323 1132 377 de
1167 324 1438 394 gubern.
1473 325 1581 378 dei
1627 325 1735 379 VII
1774 331 1804 391 ξ
1842 327 2065 382 62-69.
2560 331 2686 395 ΪἸΊ

434 531 645 580 rarum
676 517 773 579 est
805 533 877 579 ac
906 533 1135 580 nouum
1170 534 1356 598 quam
1392 533 1606 580 rarum
1633 514 1832 580 uideri
1856 515 2065 596 potest
2094 515 2437 597 quemlibet
2461 518 2692 587 Gaium

433 636 559 682 non
606 635 740 682 esse
773 618 1002 687 Gaium
1046 620 1156 682 aut
1199 636 1649 700 quemcumque
1681 615 1892 683 Seium
1938 635 2061 682 non
2107 636 2236 684 esse
2272 618 2502 685 Seium.
2557 622 2691 687 tam

433 719 790 803 infrequens
836 721 1004 785 enim
1049 724 1144 785 est
1199 722 1314 787 hoc
1372 724 1435 785 61
1490 721 1861 786 inusitatum
1884 770 1899 800 ‚
1958 720 2345 802 impudicum
2389 741 2512 787 non
2559 742 2693 788 esse

430 823 689 903 Afrum,
747 842 934 906 quam
991 840 1223 888 nouum
1278 824 1344 889 61
1396 823 1751 888 inauditum
1795 822 2026 889 Afrum
2079 843 2203 890 non
2261 843 2392 890 esse
2436 824 2688 891 Afrum.

387 953 413 994 5
432 926 523 993 ita
568 929 734 992 enim
781 927 1068 1011 generale
1112 927 1178 991 in
1225 927 1315 992 613
1345 927 1586 992 malum
1613 926 2002 1012 impuritatis
2048 928 2165 1007 est,
2212 932 2284 993 ut
2312 929 2690 1012 quicumque

433 1049 505 1095 ex
550 1030 640 1095 eis
698 1030 1050 1112 impudicus
1107 1049 1239 1095 esse
1297 1030 1584 1113 desierit,
1632 1030 1785 1096 Afer
1832 1050 1955 1097 non
2009 1049 2143 1096 esse
2190 1032 2499 1097 uideatur.
2576 1051 2692 1098 nec

431 1133 779 1199 discurram
822 1151 931 1216 per
974 1132 1111 1206 loca
1154 1134 1404 1217 singula
1450 1135 1561 1198 aut
1605 1136 1863 1198 cunctas
1896 1133 2229 1199 discutiam
2262 1136 2564 1217 ciuitateS‚
2612 1156 2691 1201 ne

433 1235 710 1303 studiose
755 1234 974 1301 uidear
1018 1254 1313 1317 quaerere
1371 1237 1557 1319 atque
1610 1237 1997 1320 inuestigare
2055 1256 2210 1320 quae
2265 1238 2488 1304 dicam.
2563 1258 2691 1304 una
2709 1245 2791 1310 67

430 1342 680 1406 tantum
724 1341 1158 1405 uniuersarum
1201 1338 1339 1403 illic
1379 1339 1630 1404 urbium
1672 1339 1953 1422 principe
1999 1341 2063 1404 61
2106 1340 2281 1422 quasi
2313 1344 2513 1406 matre
2545 1360 2690 1407 con-

360 1473 413 1513 16
431 1445 643 1510 166163
672 1462 833 1522 sum,
879 1442 996 1507 illa
1025 1443 1260 1522 scilicet
1288 1443 1585 1508 Romanis
1615 1442 1860 1508 arcibus
1905 1461 2151 1527 semper
2181 1446 2448 1524 aemula,
2496 1448 2687 1510 armis

431 1547 744 1630 quondam
788 1547 853 1610 et
896 1546 1291 1625 fortitudine,
1345 1548 1487 1628 post
1530 1545 1859 1627 splendore
1904 1563 1975 1610 ac
2018 1546 2349 1628 dignitate.
2423 1547 2686 1614 Cartha-

429 1651 640 1735 ginem
683 1651 816 1715 dico
861 1651 926 1714 et
968 1649 1112 1714 urbi
1142 1649 1378 1713 Romae
1422 1649 1696 1713 maxime
1728 1647 2153 1715 aduersariam
2188 1650 2250 1715 et
2293 1651 2359 1715 in
2390 1650 2687 1717 Africano

431 1757 574 1820 orbe
604 1755 779 1836 quasi
800 1753 1097 1818 Romam:
1132 1771 1289 1835 quae
1321 1752 1480 1817 mihi
1509 1751 1651 1817 ideo
1681 1752 1750 1817 in
1777 1753 2127 1834 exemplum
2152 1770 2226 1818 ac
2255 1753 2690 1819 testimonium

431 1862 560 1926 sola
605 1858 855 1936 sufficit,
903 1856 1050 1938 quia
1078 1858 1374 1922 uniuersa
1402 1856 1669 1939 penitus,
1720 1857 1944 1938 quibus
1989 1857 2055 1921 in
2100 1858 2233 1922 toto
2278 1859 2510 1922 mundo
2558 1859 2689 1922 dis-

361 1985 413 2025 15
432 1961 666 2046 ciplina
708 1961 800 2024 rei
844 1960 1130 2042 publicae
1175 1960 1281 2025 uel
1324 1962 1694 2042 procuratur
1739 1960 1841 2024 uel
1886 1961 2155 2043 regitur,
2212 1959 2281 2024 in
2333 1978 2399 2024 se
2442 1961 2683 2026 habuit.

430 2065 564 2130 illic
595 2064 764 2129 enim
793 2063 1002 2127 omnia
1033 2062 1380 2128 officiorum
1412 2064 1802 2145 publicorum
1834 2063 2256 2127 instrumenta
2286 2063 2421 2127 illic
2452 2063 2687 2129 artium
2708 2069 2804 2147 68

430 2167 784 2232 liberalium
829 2167 1032 2231 scolae
1077 2165 1211 2230 illic
1254 2166 1767 2249 philosophorum
1812 2165 2097 2230 officinae
2150 2168 2376 2230 cuncta
2419 2167 2685 2248 denique

429 2272 531 2336 uel
574 2271 937 2352 linguarum
979 2268 1307 2352 gymnasia
1348 2269 1452 2332 uel
1483 2287 1759 2334 morum:
1803 2267 1937 2333 illic
1982 2287 2222 2352 quoque
2254 2269 2443 2334 etiam
2475 2270 2685 2351 copiae

428 2374 741 2439 militares
798 2375 862 2437 et
916 2376 1201 2457 regentes
1257 2372 1558 2437 militiam
1616 2373 1960 2454 potestates
2003 2371 2139 2435 illic
2183 2371 2376 2436 honor
2429 2390 2683 2453 procon-

360 2478 653 2545 sosularis
709 2478 841 2542 illic
898 2479 1080 2541 iudex
1143 2476 1492 2541 cotidianus
1553 2479 1616 2539 et
1672 2475 1907 2559 rector,
1976 2476 2280 2557 quantum
2339 2475 2416 2539 ad
2459 2494 2684 2540 nomen

430 2584 682 2666 quidem
738 2579 1100 2663 proconsul,
1169 2582 1275 2644 sed
1330 2582 1632 2662 quantum
1689 2578 1771 2643 ad
1827 2578 2175 2661 potentiam
2233 2579 2481 2643 consul:
2550 2579 2685 2644 11116

431 2685 694 2768 denique
741 2701 952 2749 omnes
996 2701 1204 2746 rerum
1239 2683 1695 2765 dispensatores
1740 2684 1803 2746 61
1839 2681 2191 2746 differentes
2234 2683 2397 2746 inter
2439 2701 2504 2746 se
2550 2683 2684 2746 tam

431 2790 627 2874 gradu
671 2805 859 2870 quam
902 2785 1204 2852 uocabulo
1250 2785 1606 2870 dignitateS,
1653 2784 1955 2869 omnium,
1999 2789 2072 2849 ut
2114 2785 2207 2850 ita
2251 2786 2456 2850 dicam
2475 2834 2490 2864 ‚
2545 2786 2682 2866 pla-

428 2895 672 2958 tearum
705 2892 769 2956 et
800 2894 1227 2973 competorum
1256 2893 1707 2974 procuratores,
1756 2890 1979 2954 cuncta
2009 2889 2206 2954 ferme
2242 2892 2305 2955 61
2348 2889 2482 2954 loca
2510 2890 2683 2954 urbis

363 3017 413 3057 25
433 2997 497 3059 et
525 2997 807 3062 membra
835 2994 1051 3077 populi
1083 2993 1520 3077 gubernantes,
1552 2994 1668 3058 hac
1697 3011 1840 3075 ergo
1872 2996 2122 3058 tantum
2152 2992 2425 3058 contenti
2470 3012 2683 3058 sumus
2705 2992 2789 3058 69

429 3099 508 3164 ad
556 3097 906 3181 exemplum
953 3116 1026 3162 ac
1069 3098 1502 3161 testimonium
1547 3100 1913 3173 ceterarum,
1960 3098 2034 3161 ut
2073 3096 2516 3180 intellegamus
2561 3097 2681 3160 sci-

427 3201 580 3267 licet
637 3203 853 3283 quales
909 3201 1056 3266 illae
1110 3200 1347 3266 fuerint
1406 3200 1725 3279 ciuitateS‚
1794 3218 1949 3281 quae
2006 3201 2274 3268 minores
2327 3199 2684 3265 habuerunt

534 3508 560 3560 1
599 3504 832 3560 Gaiuum
865 3506 921 3559 A
954 3511 1187 3575 utroque
1224 3505 1362 3570 loce,
1412 3510 1554 3574 gauu
1590 3511 1641 3561 et
1678 3506 1899 3575 gauium
1937 3505 1993 3558 B
2186 3504 2221 3558 2
2258 3505 2457 3574 Seium]
2496 3519 2680 3558 seuum

428 3599 484 3652 B
517 3606 750 3668 utroque
787 3601 901 3654 loco
1105 3600 1140 3653 3
1180 3601 1264 3654 est
1299 3598 1440 3653 enim
1477 3600 1534 3653 B
1737 3598 1772 3652 8
1808 3598 2044 3653 studiose
2081 3614 2150 3652 ex
2185 3596 2416 3650 studiosi
2450 3598 2506 3651 A
2541 3612 2679 3651 corr.

425 3710 495 3748 m.
530 3697 571 3747 2
813 3695 874 3748 11
924 3693 1257 3762 splendorem
1293 3697 1349 3748 61
1383 3693 1709 3761 dignitatem
1743 3693 1855 3746 AB
1870 3694 1949 3761 (T
1956 3696 2039 3758 tv)
2096 3690 2373 3760 splendore
2410 3694 2465 3745 et
2500 3690 2681 3759 digni-

426 3789 543 3841 tate
580 3788 700 3843 edd.
909 3788 972 3841 12
1007 3786 1129 3841 urbi
1166 3803 1237 3842 ex
1271 3787 1402 3842 urbe
1436 3788 1493 3841 A
1525 3803 1666 3842 corr.
1703 3803 1773 3841 m.
1808 3788 1849 3840 2
2052 3785 2310 3840 maximae
2346 3801 2413 3840 ex
2448 3785 2680 3839 maxima

425 3883 482 3936 A
514 3888 649 3937 mut.
685 3899 755 3937 m.
789 3886 850 3949 2,
903 3883 1048 3937 idem
1083 3882 1270 3937 statim
1305 3883 1430 3936 orbe
1467 3898 1536 3937 ex
1568 3884 1701 3937 urbe
1908 3881 1974 3935 16
2026 3880 2141 3938 iuis
2193 3895 2361 3948 super
2415 3896 2441 3933 s
2492 3895 2595 3935 scr.
2651 3896 2683 3933 6

423 3994 494 4031 m.
529 3980 570 4031 2
621 3982 678 4029 A
885 3977 948 4029 17
994 3974 1443 4045 phylosophorum
1491 3976 1547 4030 A
1596 3974 1994 4045 phylosoforum
2038 3974 2094 4027 B
2289 3974 2369 4028 :18
2405 3974 2679 4043 gimnasia

423 4073 480 4125 A
526 4071 616 4137 (de
660 4072 967 4139 linguarum
1019 4070 1089 4136 cf.
1128 4069 1203 4123 ad
1232 4071 1417 4138 praef.
1453 4073 1504 4139 1)
1718 4071 1782 4124 19
1834 4070 2096 4124 militares
2153 4084 2221 4124 em
2273 4069 2377 4123 -ris
2429 4069 2484 4122 A
2538 4083 2677 4123 corr.

423 4183 492 4220 m.
529 4170 562 4218 1
775 4164 844 4218 20
879 4165 1178 4218 cotidianus
1214 4164 1368 4218 iudex
1401 4164 1457 4217 B
1680 4165 1751 4219 24
1798 4166 2152 4235 compdwrum
2199 4165 2255 4218 A
2307 4167 2680 4234 compotorum

425 4261 482 4314 B
517 4260 588 4326 cf.
628 4259 808 4318 Inda‘c.
847 4259 969 4312 III
1166 4259 1234 4313 27
1268 4258 1572 4318 habuerunt
1608 4260 1664 4313 B
1699 4276 1840 4315 corr.
1878 4276 1945 4315 em
1978 4260 2197 4314 fuerunt

526 4363 683 4417 VIII.
787 4434 797 4449 .
2404 4363 2468 4415 12
