3380 4919
1160 317 1234 371 de
1272 319 1542 387 gubern.
1580 317 1684 372 dei
1734 320 1763 374 Ι
1800 324 1830 384 ξ
1866 319 2085 375 27-31.
2671 324 2749 388 15

502 505 662 571 nihil
707 525 771 570 se
808 506 882 569 de
929 505 1112 571 caede
1160 506 1376 571 fratris
1424 509 1582 572 scire
1626 507 2028 590 responderit.
2092 507 2238 572 adeo
2285 507 2550 572 inscium
2597 507 2744 573 facti

502 609 599 674 sui
667 608 851 672 deum
920 608 1376 686 arbitrabatur,
1445 611 1514 674 ut
1571 612 1844 675 crederet
1908 609 2351 675 feralissimum
2397 611 2569 675 nefas
2616 611 2747 694 tegi

499 729 677 794 posse
732 711 1094 777 mendacio..
1154 713 1220 777 at
1278 712 1463 777 aliter
1523 714 1807 796 expertus
1868 716 1961 777 est
2018 732 2203 795 quam
2246 714 2525 795 putabat.
2602 732 2746 777 nam

502 815 718 899 deum,
785 834 820 878 a
866 834 984 897 quo
1042 832 1161 879 non
1220 814 1605 880 existimauit
1669 815 1869 879 uideri
1926 815 2158 879 scelera
2217 835 2359 880 cum
2418 815 2745 899 occideret,

457 919 693 982 ssensit
759 916 970 982 uidere
1041 936 1178 981 cum
1249 918 1665 983 damnaretur.
1743 918 1847 982 hic
1908 936 2073 982 nunc
2130 920 2439 1000 requirere
2485 920 2559 985 ab
2614 917 2747 982 illis
2765 919 2851 985 30

502 1023 661 1097 uolo,
709 1022 814 1104 qui
862 1025 1091 1105 negant
1136 1039 1233 1084 res
1280 1040 1440 1085 nunc
1483 1021 1791 1087 humanas
1836 1022 1937 1086 uel
1982 1021 2210 1102 respici
2255 1041 2292 1087 a
2322 1025 2432 1087 deo
2478 1021 2580 1086 uel
2611 1019 2745 1105 regi

502 1126 601 1188 uel
656 1124 948 1203 iudicari,
1012 1143 1091 1188 an
1153 1127 1378 1188 cuncta
1435 1126 1497 1188 in
1552 1124 1649 1188 his
1710 1142 1865 1206 quae
1910 1124 2179 1188 diximus
2227 1144 2258 1189 e
2306 1125 2551 1189 diuerso
2597 1124 2744 1190 sint.

500 1231 648 1312 puto
694 1228 892 1309 enim,
941 1230 1099 1310 quod
1151 1246 1446 1309 praesens
1496 1232 1589 1292 est
1635 1228 1744 1309 qui
1790 1226 2088 1292 sacrificio
2134 1227 2424 1306 interest,
2476 1231 2537 1292 et
2581 1228 2745 1308 regit

501 1334 605 1414 qui
650 1331 802 1397 Cain
847 1334 986 1414 post
1032 1331 1336 1397 sacrificia
1383 1333 1673 1415 castigat,
1724 1336 1785 1396 et
1818 1332 2125 1396 sollicitus
2172 1335 2263 1397 est
2294 1332 2401 1412 qui
2434 1332 2510 1396 ab
2556 1331 2746 1396 inter-

431 1457 481 1496 10
501 1436 730 1502 sectore
787 1435 1186 1501 interfectum
1248 1436 1545 1517 requirit,
1605 1438 1667 1498 et
1713 1434 1951 1499 iudicat
2008 1434 2114 1516 qui
2160 1453 2581 1516 percussorem
2627 1435 2747 1498 im-

501 1538 672 1619 pium
719 1539 885 1603 iusta
930 1539 1470 1604 animaduersione
1516 1540 1905 1603 condemnat.
1982 1539 2048 1601 in
2094 1556 2212 1620 quo
2260 1539 2507 1620 quidem
2555 1538 2741 1602 etiam

500 1641 659 1705 illud
692 1659 814 1706 non
845 1643 1258 1719 incommode,
1307 1661 1527 1705 uerum
1560 1660 1636 1705 ne
1667 1641 1969 1705 miremur
1999 1661 2163 1706 nunc
2193 1645 2437 1706 sanctos
2469 1641 2745 1706 homines

500 1746 804 1824 quaedam
880 1763 1096 1828 aspera
1160 1745 1309 1827 pati,
1381 1762 1523 1809 cum
1581 1744 1923 1827 uideamuS‚
1997 1744 2158 1826 quod
2219 1745 2345 1809 iam
2404 1745 2553 1809 tunc
2599 1746 2746 1823 deus

500 1848 691 1912 etiam
748 1868 854 1932 per
914 1849 1257 1912 maximum
1327 1847 1498 1911 nefas
1565 1848 1838 1930 primum
1906 1849 2260 1912 sanctorum
2318 1848 2470 1912 siuit
2531 1847 2745 1912 occidi.

430 1970 480 2010 15
501 1970 652 2034 quae
713 1951 961 2032 quidem
1009 1970 1129 2032 qua
1173 1949 1413 2014 ratione
1459 1950 1764 2032 patiatur,
1825 1969 2019 2032 neque
2064 1951 2369 2016 humanae
2413 1951 2746 2016 imbecilli-

499 2055 649 2119 tatis
697 2058 787 2119 est
844 2056 1029 2136 plena
1095 2054 1318 2138 indage
1386 2071 1749 2137 cognoscere
1806 2072 2004 2135 neque
2063 2073 2223 2119 nunc
2277 2057 2573 2136 temporis
2621 2056 2748 2120 dis-

499 2161 735 2240 putare.
822 2158 1074 2223 interim
1147 2157 1405 2240 probare
1481 2159 1632 2221 satis
1709 2159 1833 2238 est,
1921 2158 2129 2222 omnia
2203 2159 2552 2222 istiusmodi
2626 2175 2746 2221 non

499 2261 896 2343 neglegentia
943 2265 1051 2326 aut
1096 2261 1335 2326 incuria
1382 2261 1481 2325 dei
1525 2259 1680 2344 fieri,
1729 2260 1834 2324 sed
1884 2262 2140 2326 consilio
2179 2281 2251 2327 ac
2282 2261 2745 2342 dispensatione

498 2365 796 2444 permitti.
859 2382 1247 2446 nequaquam
1296 2367 1508 2428 autem
1553 2363 1861 2428 iniustum
1898 2383 2224 2445 possumus
2262 2365 2483 2444 dicere,
2532 2364 2595 2427 in
2629 2381 2747 2444 quo

430 2468 784 2533 20diuinum
845 2487 977 2534 esse
1035 2470 1338 2533 iudicium
1395 2486 1516 2533 non
1573 2468 1879 2551 possimus
1926 2469 2247 2550 denegare,
2314 2469 2457 2550 quia
2501 2485 2746 2531 summa

498 2571 740 2636 iustitia
802 2576 895 2636 est
953 2573 1239 2638 uoluntas
1298 2572 1434 2647 dei;
1503 2590 1705 2654 neque
1762 2574 1926 2636 enim
1984 2573 2120 2637 ideo
2178 2590 2300 2636 non
2343 2572 2580 2636 iustum
2630 2570 2745 2649 est,

500 2677 659 2757 quod
720 2677 1018 2742 diuinitas
1078 2677 1243 2759 agit,
1305 2676 1451 2758 quia
1510 2694 1727 2757 capere
1773 2674 1907 2739 uim
1951 2676 2196 2741 diuinae
2239 2674 2517 2740 iustitiae
2564 2673 2745 2738 homo

497 2797 619 2842 non
666 2779 858 2844 ualet.
929 2781 1034 2844 sed
1082 2781 1160 2844 ad
1205 2780 1588 2862 propositum
1632 2782 2038 2844 reuertamur.

584 2899 726 2963 VII.
777 2899 1074 2964 Videmus
1123 2918 1264 2982 ergo
1309 2902 1375 2963 in
1416 2900 1509 2963 his
1556 2918 1714 2982 quae
1759 2901 1925 2965 dicta
1971 2900 2119 2964 sunt
2162 2897 2319 2962 nihil
2364 2899 2602 2961 incuria
2647 2897 2841 2965 dei31

431 3018 480 3057 25
500 3004 729 3080 actum,
778 3006 882 3068 sed
927 3004 1073 3085 quia
1119 3002 1420 3084 quaedam
1461 3022 1531 3067 ex
1563 3002 1662 3066 his
1696 3002 2016 3084 dispositio
2050 3001 2263 3066 diuina
2294 3001 2385 3065 ita
2415 3001 2742 3083 ordinauit,

501 3107 801 3187 quaedam
868 3107 1167 3188 patientia
1233 3097 1562 3183 sustinuit,
1633 3106 1935 3187 quaedam
2004 3104 2314 3169 sententia
2379 3103 2744 3168 uindicauit.

501 3209 605 3272 sed
651 3227 771 3273 non
818 3210 969 3274 satis
1015 3208 1270 3292 quidam
1314 3208 1475 3274 forte
1521 3210 1894 3286 existimant,
1943 3208 2094 3274 haec
2130 3227 2284 3290 quae
2330 3207 2588 3290 dicimus
2635 3225 2745 3272 nos

501 3309 789 3391 probasse
834 3332 946 3393 per
992 3329 1248 3393 paucos:
1308 3312 1630 3376 uideamus
1680 3329 1760 3374 an
1804 3311 1868 3374 id
1913 3312 2116 3392 ipsum
2165 3311 2556 3375 manifestare
2602 3328 2745 3390 pos-

499 3413 691 3477 simus
731 3415 922 3479 etiam
955 3434 1062 3498 per
1105 3416 1440 3480 uniuersos,
1492 3418 1677 3478 aucta
1707 3414 1904 3498 igitur
1937 3432 2008 3478 ac
2039 3412 2461 3493 multiplicata
2491 3412 2746 3476 humani

427 3518 739 3599 30generis
786 3517 1194 3582 multitudine
1239 3517 1427 3581 simul
1477 3519 1540 3582 et
1571 3517 1920 3601 iniquitate,
1968 3516 2245 3580 uidens
2292 3516 2498 3595 deuS,
2545 3516 2748 3596 inquit

699 3722 766 3774 23
803 3721 930 3779 Gen.
970 3722 1018 3790 6,
1059 3724 1092 3776 5

508 3956 519 3962 -
601 3910 627 3961 1
667 3908 850 3964 decede
885 3910 992 3963 AB
1169 3909 1542 3978 ¹responderat
1586 3910 1641 3963 A
1847 3909 1881 3961 4
1927 3908 2203 3963 estimauit
2248 3909 2359 3962 AB
2565 3908 2746 3962 uidere

495 3993 547 4047 A
753 3995 787 4047 5
837 3995 962 4048 hinc
1004 3996 1058 4048 Β
1265 3996 1297 4049 9
1335 3998 1388 4049 et
1425 4011 1526 4050 om.
1565 3995 1619 4049 Β
1827 3996 1887 4049 11
1928 3995 2282 4064 condempnat
2317 4001 2380 4049 ut
2406 3995 2579 4063 paulo
2616 4000 2745 4049 ante

495 4081 873 4149 dampnaretur
919 4083 1030 4136 AB
1080 4089 1130 4136 et
1176 4084 1253 4136 sic
1298 4084 1361 4135 i‘n
1407 4084 1492 4137 his
1527 4084 1712 4138 uerbis
1744 4082 1866 4148 fere
1900 4083 2098 4151 ubique
2306 4084 2369 4136 12
2415 4098 2746 4142 nemeremur

494 4168 547 4220 A
758 4168 824 4220 14
871 4168 1103 4234 primum
1151 4183 1248 4222 om.
1299 4169 1353 4223 Β
1386 4185 1454 4225 m.
1492 4175 1523 4222 1
1735 4169 1800 4223 19
1845 4184 2042 4237 possis*
2089 4171 2140 4223 A
2352 4168 2419 4222 20
2463 4185 2746 4237 possumus

494 4251 548 4304 B
756 4253 824 4306 24
869 4252 953 4307 dei
1000 4254 1209 4307 incuria
1255 4254 1308 4307 B
1515 4255 1583 4309 30
1618 4255 1805 4309 uidens
1841 4254 2021 4322 inquit
2058 4255 2183 4309 deus
2220 4255 2359 4322 AB,
2407 4255 2583 4309 uerba
2618 4256 2746 4309 scri·
