3380 4919
631 240 759 304 264
1607 239 1917 292 Saluiani

637 430 787 494 ferri
844 431 1056 512 possit,
1118 432 1225 495 sed
1278 430 1506 510 tamen,
1571 430 1820 495 etiamsi
1864 428 2080 504 fertur,
2144 428 2235 492 ita
2278 430 2604 494 ferendum
2654 432 2770 512 est,
2816 431 2889 493 ut

635 550 745 613 pro
791 532 1095 614 qualitate
1141 534 1587 597 necessitatum
1635 533 1821 613 atque
1870 550 2198 596 causarum
2244 531 2618 597 sufficientia
2662 531 2887 597 retine-

634 637 818 700 antur
873 636 1262 700 inmoderata
1307 639 1677 700 resecentur.
1755 635 2143 698 habentes
2202 622 2447 713 enim,
2492 633 2696 715 inquit
2741 653 2887 716 apo-

634 738 852 821 stoluS,
899 737 1199 803 uictum
1244 739 1321 802 et
1364 737 1750 802 uestitum
1796 737 1920 800 his
1967 737 2328 801 contenti
2373 735 2639 800 simus.
2715 750 2934 803 namv

635 840 765 923 qui
809 840 1086 905 uolunt
1132 840 1431 905 diuites
1477 840 1697 918 fieri,
1742 839 2115 904 incidunt
2159 839 2237 903 in
2282 839 2889 921 temptationem
2934 866 2958 908 5

635 943 710 1008 et
754 943 1118 1025 laqueum
1177 943 1506 1009 diaboli.
1583 962 1747 1026 ergo,
1804 945 1876 1006 ut
1933 943 2234 1020 uidemuS,
2294 942 2361 1007 in
2404 941 2588 1007 rebus
2636 944 2889 1008 tantum

634 1046 998 1113 necessariis
1044 1046 1214 1112 salus
1261 1048 1357 1112 est
1402 1047 1466 1111 in
1514 1046 1842 1130 superfluis
1887 1046 2167 1129 laqueuS,
2214 1047 2276 1110 in
2324 1044 2752 1110 mediocritate
2791 1045 2890 1110 dei

631 1151 835 1233 gratia
876 1149 942 1214 in
995 1149 1238 1214 diuitiis
1304 1150 1537 1216 diaboli
1603 1155 1842 1215 catena.
1919 1150 2181 1232 denique
2251 1151 2397 1233 quid
2465 1149 2684 1212 statim
2745 1167 2889 1230 apo·

632 1253 828 1318 stolus
883 1252 1145 1318 subdit?
1220 1273 1414 1337 quae
1473 1254 1990 1335 demergunt,
2050 1252 2291 1334 inquit,
2352 1252 2751 1317 hominem
2806 1250 2887 1315 in

531 1352 1050 1420 62interitum
1108 1360 1182 1421 et
1240 1356 1807 1438 perditionem.
1888 1374 2065 1439 ergo,
2128 1357 2182 1419 si
2243 1355 2499 1420 diuitiae
2558 1355 2959 1420 interitum1o

633 1463 697 1525 in
744 1479 808 1525 se
839 1459 1088 1540 habent,
1138 1461 1441 1525 euitemus
1474 1459 1879 1542 opulentiam,
1925 1478 2002 1524 ne
2031 1459 2098 1521 in
2130 1458 2460 1523 interitum
2492 1476 2885 1522 conruamuS.

633 1565 844 1645 ampla
890 1581 961 1627 ac
1017 1563 1294 1644 locuples
1355 1562 1628 1627 facultas
1689 1563 2100 1644 perditionem
2160 1561 2392 1626 inferre
2456 1561 2717 1626 dicitur:
2787 1580 2885 1624 re-

632 1666 927 1748 fugienda
988 1667 1084 1729 est
1141 1667 1350 1747 ampla
1407 1665 1733 1747 possessio,
1795 1684 1873 1730 ne
1934 1669 2347 1747 consequatur
2389 1664 2696 1746 profunda
2740 1684 2885 1746 per-

635 1768 809 1832 ditio.
891 1786 965 1832 ae
1008 1787 1115 1850 per
1160 1770 1274 1833 hoc
1319 1769 1451 1833 siue
1497 1786 1675 1833 sexus
1723 1769 1856 1833 siue
1889 1773 2061 1834 aetas
2108 1768 2240 1833 siue
2286 1768 2621 1832 infirmitas
2669 1785 2883 1832 neces-

635 1873 801 1937 saria
866 1872 1202 1954 requirant,
1271 1871 1729 1937 sufficientibus
1799 1871 2033 1937 debent
2100 1890 2233 1936 esse
2300 1871 2594 1935 contenta
2660 1870 2754 1934 ita
2814 1871 2887 1933 ut
2904 1898 2959 1939 15

637 1975 933 2057 quidquid
989 1975 1433 2057 temporarium
1490 1974 1729 2040 excedit
1773 1993 1959 2041 usum
2004 1975 2369 2059 religiosum
2413 1974 2702 2039 absumat
2747 1972 2886 2038 offi-

534 2082 616 2148 63
636 2080 819 2143 cium.
897 2080 1172 2143 ceterum
1238 2079 1293 2142 si
1358 2081 1461 2157 tu,
1533 2080 1906 2161 quicumque
1976 2079 2085 2142 aut
2156 2095 2575 2160 quaecumque
2641 2076 2755 2140 illa
2823 2095 2888 2140 es

635 2183 884 2247 sanctae
927 2181 1344 2264 professionis
1391 2183 1445 2247 si
1491 2186 1563 2246 tu
1605 2184 1716 2246 aut
1761 2181 2200 2246 conseruandis
2246 2180 2466 2263 opibus
2512 2185 2624 2244 aut
2669 2197 2886 2243 cumu-

635 2285 837 2350 landis
906 2286 1314 2351 facultatibus
1380 2285 1607 2368 inhies,
1673 2284 1983 2367 superflue
2029 2284 2107 2348 de
2169 2282 2538 2348 infirmitate
2597 2284 2885 2347 causaris.

636 2387 939 2470 numquid
987 2388 1154 2452 enim
1197 2388 1498 2453 infirmior
1543 2407 1724 2452 sexus
1758 2390 1979 2453 ducere
2013 2387 2201 2451 aliter
2245 2388 2448 2451 uitam
2493 2405 2614 2451 non
2657 2388 2961 2470 potest‚2o

637 2492 763 2556 nisi
806 2491 998 2557 animi
1043 2492 1141 2556 sui
1187 2510 1364 2557 curas
1403 2491 1610 2557 multa
1638 2490 1916 2573 ingentis
1952 2489 2316 2574 patrimonii
2346 2490 2889 2554 administratione

636 2595 1054 2660 distenderit?
1114 2596 1420 2678 numquid
1465 2595 1674 2677 puella
1719 2613 1897 2660 sacra
1943 2599 2053 2658 aut
2097 2594 2288 2660 uidua
2333 2595 2621 2659 castitate
2666 2594 2892 2659 deuota

636 2717 884 2763 seruare
939 2699 1242 2764 inlaesam
1299 2701 1550 2764 sanctae
1594 2698 1991 2780 professionis
2036 2696 2565 2780 perseuerantiam
2608 2715 2732 2761 non
2777 2716 2890 2762 ua-

637 2800 787 2883 lent,
834 2800 957 2866 nisi
1001 2802 1244 2884 argenti
1289 2806 1354 2865 et
1398 2802 1536 2866 auri
1578 2801 1953 2884 ponderibus
1987 2802 2344 2868 incubarint
2376 2820 2450 2866 ac
2479 2803 2689 2866 tantas
2721 2799 2892 2864 intra

641 2904 1078 2969 conscientiam
1136 2921 1280 2986 opes
1335 2907 1650 2987 possidere
1696 2925 1760 2971 se
1806 2908 2117 2987 nouerint,
2176 2907 2444 2986 quantas
2502 2922 2651 2968 usus
2696 2903 2889 2985 possi·
2908 2929 2958 2970 2⁵

537 3006 926 3076 64dentium
991 3024 1113 3071 non
1179 3007 1486 3089 requirit?
1561 3011 1688 3091 aut,
1762 3007 1910 3089 quia
1973 3006 2122 3073 huic
2182 3010 2244 3072 et
2302 3006 2472 3070 sexui
2539 3005 2767 3088 pariter
2829 3008 2890 3069 et

639 3109 862 3191 pudori
906 3108 1079 3193 quies
1123 3111 1391 3175 maxime
1436 3111 1781 3175 necessaria
1840 3113 1951 3189 est,
2012 3109 2316 3192 numquid
2360 3108 2722 3192 inpossibile
2768 3108 2892 3173 sibi

643 3212 967 3297 quaepiam
1026 3212 1187 3279 forte
1247 3211 1543 3278 aestimat
1601 3212 1768 3277 inter
1811 3231 2007 3293 pauca
2050 3212 2498 3277 famulantium
2541 3214 2892 3278 ministeria

639 3316 1011 3382 inuiolatam
1079 3316 1355 3398 quietem
1419 3334 1597 3400 posse
1655 3335 1926 3398 seruare,
1994 3316 2117 3381 nisi
2177 3334 2355 3381 aures
2418 3315 2548 3381 eius
2606 3316 2891 3381 familiae

640 3419 909 3502 ingentis
984 3420 1282 3501 strepitus
1357 3419 1700 3486 uerberarit
1768 3421 1834 3485 et
1901 3421 2229 3486 turbarum
2295 3420 2963 3485 circumsonantiumao

640 3524 1065 3590 tumultuosus
1129 3525 1362 3589 clamor
1420 3524 1780 3590 obtuderit?
1847 3543 2005 3609 quae
2065 3524 2282 3605 utique
2341 3523 2596 3587 sanctae
2647 3522 2893 3587 animae

845 3729 880 3782 3
924 3729 954 3783 1
990 3729 1128 3809 Tim.
1165 3732 1215 3796 6,
1250 3732 1285 3785 6
1488 3731 1522 3784 9
1569 3731 1701 3784 ibid.
1738 3747 1791 3783 u.
1827 3731 1861 3783 9

748 3920 774 3971 1
825 3916 1031 3971 feratur
1078 3916 1157 3971 ed.
1204 3918 1473 3970 Baluzius
1677 3917 1712 3971 5
1764 3916 2148 3985 temptationes
2203 3916 2259 3969 Β
2466 3917 2527 3969 11
2583 3932 2893 3970 corruamus

642 4004 697 4057 B
907 4005 972 4057 18
1025 4004 1070 4056 si
1125 4004 1188 4055 tu
1241 4018 1340 4057 om.
1395 4002 1672 4056 Baluzius
1892 4001 1956 4055 19
2009 4002 2302 4069 superfluae
2355 4001 2419 4054 de
2471 4000 2790 4055 infirmitate
2840 4005 2894 4055 A

643 4089 1006 4158 superfluende
1040 4089 1380 4143 infirmitatis
1415 4106 1483 4142 m.
1520 4094 1550 4142 1
1589 4090 1644 4143 B
1843 4087 1906 4141 21
1947 4088 2150 4141 multas
2185 4089 2240 4142 B
2446 4087 2515 4140 23
2551 4087 2792 4141 illaesam
2829 4102 2897 4141 cx

645 4177 741 4230 inl.
778 4192 920 4229 corr.
957 4192 1024 4228 m.
1062 4178 1102 4228 2
1135 4176 1190 4228 Β
1398 4174 1467 4228 24
1501 4176 1741 4244 arguenti
1777 4176 1832 4229 A
2039 4173 2416 4228 incubauerint
2454 4174 2508 4227 Β
