3380 4919
623 301 752 368 252
1596 297 1911 351 samm

628 504 773 570 ergo
840 490 989 552 sunt
1033 506 1070 551 a
1113 486 1411 552 mandato
1472 486 1588 564 dei,
1657 506 1808 569 quos
1871 505 2015 552 cum
2073 488 2242 570 ipsos
2295 487 2548 553 iusserit
2594 489 2742 553 deus
2787 490 2888 553 ui-

624 593 848 655 uentes
903 588 1124 673 opibus
1182 592 1557 669 renuntiare,
1615 590 1719 655 illi
1774 609 1876 656 eas
1932 592 2192 672 cupiunt
2248 591 2442 656 etiam
2495 587 2564 656 in
2607 592 2885 675 cognatis

626 694 758 760 suis
802 695 1036 759 mortui
1079 694 1430 776 possidere:
1491 698 1601 759 aut
1646 713 1835 777 quam
1880 695 2065 776 longe
2108 696 2187 760 ab
2232 713 2305 759 ea
2346 693 2675 759 deuotione
2720 696 2888 772 sunt,

504 810 511 831 ‘
626 800 699 861 ut
736 795 1115 862 -exheredent
1171 795 1338 878 ipsos
1396 814 1462 860 se
1514 798 1764 879 propter
1820 797 2008 861 deum
2065 798 2172 878 qui
2245 798 2611 862 exheredare
2667 797 2889 861 nolunt

614 899 841 964 saltim
887 901 1208 964 extraneos
1268 900 1521 981 propter
1564 917 1629 963 se
1645 902 1676 963 ἓ
1752 900 1975 981 quibus
2033 898 2301 964 libenter
2346 899 2539 965 libere
2586 900 2885 964 dicerem:
2926 923 2953 964 5

626 1019 783 1084 quae
837 1001 1080 1066 insania
1142 1001 1256 1078 est,
1319 1019 1353 1066 o
1399 1001 1741 1066 miserrimi
1752 1005 1774 1067 -Ξ
1844 1002 1916 1065 ut
1973 1003 2227 1066 heredes
2270 1002 2426 1067 alios
2472 1020 2890 1084 quoscumque

625 1105 894 1184 faciatis,
944 1123 1055 1170 uos
1099 1102 1269 1186 ipsos
1313 1107 1523 1169 uestro
1567 1104 1989 1188 exheredatis3
2044 1107 2117 1170 ut
2164 1105 2322 1170 alios
2367 1104 2737 1188 relinquatis
2784 1108 2886 1170 uel

609 1206 801 1272 :breui
848 1207 1098 1287 diuites,
1148 1225 1257 1272 uos
1302 1210 1470 1290 ipsos
1516 1212 1773 1272 aeterna
1816 1208 2226 1274 mendicitate
2270 1209 2601 1275 damnatis.
2667 1234 2672 1239 ·

520 1354 619 1435 23
709 1344 817 1409 VI.
881 1344 1001 1411 Sed
1048 1345 1289 1428 quaerit
1333 1346 1599 1410 fortasse
1647 1344 1896 1428 aliqum,
1945 1345 2095 1427 quid
2142 1346 2226 1410 sit
2270 1345 2460 1428 istud,
2509 1348 2674 1429 quod
2718 1365 2883 1413 nunc

623 1449 763 1530 plus
810 1450 1017 1532 exigat
1062 1453 1208 1516 deus
1238 1466 1274 1513 a
1307 1447 1677 1514 Christianis
1724 1466 1831 1531 per
1878 1449 2275 1533 euangelium
2322 1468 2511 1531 quam
2547 1466 2585 1515 a
2631 1449 2881 1515 Iudaeis
2903 1470 2954 1510 ιο

620 1552 769 1617 ante
813 1571 924 1634 per
968 1553 1195 1635 legem.
1270 1552 1441 1618 certa
1487 1553 1670 1618 istius
1716 1554 1806 1617 rei
1860 1554 2021 1618 ratio
2067 1557 2196 1618 est:
2252 1553 2391 1618 ideo
2438 1552 2603 1618 enim
2650 1554 2883 1618 maiora

622 1648 789 1720 nunc
845 1654 1096 1720 domino
1153 1660 1362 1722 nostro
1409 1656 1735 1733 soluimuS,
1795 1658 1941 1739 quia
1995 1658 2233 1721 maiora
2277 1656 2591 1721 debemus.
2667 1656 2883 1721 Iudaei

624 1759 850 1839 quippe
913 1757 1232 1823 habebant
1297 1759 1607 1843 quondam
1675 1761 1966 1826 umbram
2039 1780 2250 1826 rerum
2327 1777 2439 1825 nos
2504 1757 2880 1824 ueritatem:

514 1932 519 1937 ,
622 1859 840 1924 Iudaei
896 1861 1149 1926 fuerunt
1209 1861 1374 1926 serui
1431 1881 1544 1927 nos
1590 1864 1904 1946 adoptiui:
1975 1864 2195 1929 Iudaei
2242 1863 2614 1944 acceperunt
2657 1861 2881 1946 iugum

506 1987 513 1990 ·
622 1981 734 2028 nos
780 1963 1157 2042 libertatem,
1202 1965 1418 2030 Iudaei
1466 1965 1805 2031 maledicta
1851 1984 1962 2030 nos
1993 1961 2289 2048 gratiam,
2335 1965 2550 2030 Iudaei
2594 1964 2881 2029 litteram
2900 1984 2952 2025 15

608 2065 1106 2131 'interficientem
1150 2085 1261 2132 nos
1307 2066 1600 2152 spiritum
1648 2067 2113 2135 uiuificantem:
2182 2068 2433 2134 Iudaeis
2480 2086 2697 2133 seruus
2746 2086 2882 2132 ma-

622 2171 821 2253 gister
864 2170 1089 2235 missus
1135 2173 1233 2236 est
1276 2172 1452 2237 nobis
1496 2170 1699 2236 filius:
1748 2171 1969 2237 Iudaei
2015 2191 2125 2254 per
2153 2190 2328 2237 mare
2373 2173 2757 2238 transierunt
2801 2171 2881 2235 ad

622 2266 946 2339 heremum
1015 2293 1121 2340 nos
1195 2293 1304 2357 per
1377 2274 1690 2356 baptisma
1764 2274 2095 2340 introimus
2162 2276 2226 2341 in
2293 2294 2585 2360 regnum:
2663 2274 2882 2339 Iudaei

620 2393 849 2441 manna
904 2380 1358 2443 manducauere
1403 2395 1514 2443 nos
1563 2376 1909 2456 Christum,
1971 2377 2200 2470 Iudaei·
2248 2392 2463 2444 carnes
2507 2376 2725 2442 auium
2770 2395 2881 2442 nos

621 2479 721 2544 dei
765 2497 1001 2563 corpus,
1062 2481 1280 2546 Iudaei
1332 2481 1624 2564 pruinam
1652 2469 1821 2548 'caeli
1868 2500 1980 2546 nos
2029 2484 2217 2572 deum
2262 2481 2447 2548 caeli:
2499 2482 2633 2564 qui
2679 2500 2953 2561 cum‚2o

619 2585 694 2676 ut
724 2583 1040 2667 apostolus
1072 2585 1178 2663 ait,
1226 2587 1302 2649 in
1347 2585 1592 2649 forma
1622 2583 1749 2650 dei
1795 2585 2035 2661 esset,
2081 2584 2555 2650 humiliauit
2600 2584 2879 2649 semet-

619 2684 874 2770 ipsum
918 2681 1160 2769 u'sque
1207 2688 1300 2754 ad
1344 2689 1699 2767 mortem,
1744 2692 2072 2758 mortem
2119 2688 2374 2754 autem
2421 2689 2709 2763 cruc'iS,
2755 2704 2880 2752 non

623 2791 955 2855 contentus
1022 2789 1263 2855 scilicet
1328 2792 1682 2873 simplicem
1747 2809 1857 2874 pro
1920 2790 2097 2857 nobis
2158 2790 2364 2856 subire
2408 2791 2695 2871 mortem,
2758 2788 2882 2854 nisi

619 2894 824 2975 ipsam
867 2894 1257 2958 uoluntariae
1301 2895 1470 2958 necis
1516 2896 1979 2978 susceptionem
2010 2911 2401 2959 summorum
2432 2891 2879 2977 suppliciorum

517 2998 604 3064 24
622 2993 1018 3076 perpessione
1066 2995 1465 3062 cumulasset.
1533 3016 1644 3080 pro
1688 2998 1803 3063 hoc
1849 3016 1993 3081 ergo
2038 2997 2169 3063 solo
2216 2996 2364 3080 quid
2409 2998 2649 3062 soluere
2695 2996 2879 3062 homo
2897 3017 2950 3061 25

619 3096 866 3180 poterit,
935 3098 1032 3162 cui
1077 3115 1141 3161 se
1199 3116 1309 3182 per
1373 3098 1664 3163 ultimam
1733 3118 2074 3181 poenarum
2143 3100 2550 3165 acerbitatem
2598 3097 2880 3164 Christus

510 3212 522 3220 ·
610 3199 948 3285 inpendit?
995 3201 1105 3265 aut
1136 3202 1283 3283 quid
1315 3220 1424 3284 pro
1455 3220 1519 3266 se
1552 3202 1816 3289 dignum
1848 3204 2100 3292 domino
2132 3204 2489 3288 repensabit
2520 3205 2625 3285 qui
2670 3204 2881 3290 ipsum

618 3321 658 3368 a
701 3299 841 3386 quo
865 3291 1225 3387 redemptus
1274 3308 1371 3368 est
1417 3299 1601 3370 deum
1657 3305 1890 3373 debet?
1954 3306 2108 3373 haec
2163 3326 2307 3391 ergo
2366 3326 2548 3373 causa
2591 3309 2706 3388 est,
2755 3324 2879 3388 qua

825 3518 892 3570 20
928 3516 1067 3570 Phil.
1104 3519 1153 3582 2,
1190 3518 1224 3571 8

722 3716 753 3768 11
802 3718 929 3768 sunt
975 3727 1099 3784 ergo
1132 3714 1245 3770 od.-
1277 3714 1549 3772 Bubasius
1754 3730 1889 3783 quos
1935 3722 2247 3784 suspectum
2290 3716 2488 3784 haimo,-
2533 3717 2680 3783 forts
2714 3716 2878 3772 scrib.

605 3800 715 3868 «qui
750 3799 925 3855 addo
957 3811 1067 3869 seq.
1104 3801 1192 3854 illi
1294 3799 1309 3842 ’ἃ
1340 3837 1343 3842 ·
1386 3800 1421 3855 4
1452 3816 1512 3854 se
1544 3799 1692 3869 ipsos
1729 3804 1873 3866 (cum
1908 3802 1959 3868 b)
1998 3801 2081 3856 ed.
2113 3797 2408 3857 ‘Batauum-
2591 3803 2627 3856 ὃ
2661 3801 2878 3856 libent-2

602 3890 679 3951 (n
714 3890 767 3940 et
801 3884 858 3939 ἂι·
890 3901 1022 3939 eras.
1057 3887 1154 3941 sed
1172 3887 1273 3940 ita
1295 3883 1363 3941 'ut
1384 3886 1562 3941 adhuc
1585 3886 1964 3956 leytpossint)
1989 3886 2045 3941 A
2225 3887 2457 3943 dicerem
2485 3901 2580 3956 με
2613 3887 2787 3943 dicere
2822 3888 2879 3943 A

618 3967 911 4026 diceremus
929 3972 1002 4025 ·-B
1159 3974 1206 4028 ι6
1222 4003 1227 4010 -
1241 3972 1374 4028 ulios
1410 3988 1457 4027 ει
1486 3989 1519 4027 0
1554 3985 1660 4027 eor.
1694 3971 1722 4025 i'
1749 3988 1819 4025 m.
1844 3969 1884 4026 2
1913 3971 1978 4026 »Β
2000 3972 2120 4041 (sic)
2283 3974 2327 4028 Θ
2360 3975 2576 4028 aeterna
2608 3974 2877 4029 mendaci-

617 4058 751 4127 tate]
785 4058 885 4113 hoc
918 4058 1030 4114 loco
1043 4055 1276 4129 'xeq‘reyo'e
1309 4059 1568 4127 firmatur
1588 4057 1835 4113 Emotis·
1849 4075 1852 4102 :
1868 4059 2189 4115 conieoeura
2210 4059 2289 4115 ad
2316 4073 2377 4129 p.
2401 4063 2527 4128 160,
2553 4063 2589 4115 5
2595 4080 2616 4127 ;
2659 4062 2766 4129 cfr.
2799 4060 2878 4115 nd

600 4159 672 4215 p.
697 4147 827 4213 tuf
842 4147 912 4201 12
1094 4144 1161 4199 10
1180 4157 1342 4201 aem.
1365 4146 1422 4199 A
1605 4145 1668 4200 15
1696 4145 2038 4200 maledictam
2061 4145 2118 4199 B
2301 4146 2368 4200 18
2392 4144 2663 4201 babtisma
2685 4148 2742 4201 A
2843 4173 2848 4180 ·

622 4230 688 4284 19
721 4245 944 4285 manna*
987 4232 1150 4297 (eras.
1187 4233 1264 4299 m)
1300 4230 1356 4285 A
1559 4230 1628 4286 24
1662 4246 1757 4285 nec
1785 4235 1982 4298 punct.
2022 4236 2073 4285 et
2107 4247 2149 4285 s.
2185 4246 2288 4285 scr.
2325 4247 2394 4285 m.
2429 4233 2471 4286 2
2506 4231 2650 4287 necis
2685 4232 2740 4287 A
2775 4267 2778 4272 -
