<?xml version="1.0" encoding="UTF-8"?>
<!DOCTYPE html PUBLIC "-//W3C//DTD XHTML 1.0 Transitional//EN"
    "http://www.w3.org/TR/xhtml1/DTD/xhtml1-transitional.dtd">
<html xmlns="http://www.w3.org/1999/xhtml" xml:lang="en" lang="en">
 <head>
  <title>
</title>
<meta http-equiv="Content-Type" content="text/html;charset=utf-8" />
  <meta name='ocr-system' content='tesseract 3.04.00' />
  <meta name='ocr-capabilities' content='ocr_page ocr_carea ocr_par ocr_line ocrx_word'/>
</head>
<body>
  <div class='ocr_page' id='page_1' title='image "./operaomnia07paulgoog/operaomnia07paulgoog_0264.png"; bbox 0 0 3380 4919; ppageno 0'>
   <div class='ocr_carea' id='block_1_1' title="bbox 687 305 1970 379">
    <p class='ocr_par' dir='ltr' id='par_1_1' title="bbox 687 305 1970 379">
     <span class='ocr_line' id='line_1_1' title="bbox 687 305 1970 379; baseline -0.016 -1"><span class='ocrx_word' id='word_1_1' title='bbox 687 312 815 379; x_wconf 81' lang='grc'><strong>226</strong></span> <span class='ocrx_word' id='word_1_2' title='bbox 1661 305 1970 361; x_wconf 88' lang='lat' dir='ltr'><strong>Saluiani</strong></span> 
     </span>
    </p>
   </div>
   <div class='ocr_carea' id='block_1_2' title="bbox 625 495 3018 3573">
    <p class='ocr_par' dir='ltr' id='par_1_2' title="bbox 627 495 3018 1197">
     <span class='ocr_line' id='line_1_2' title="bbox 627 495 2947 567; baseline -0.001 -1"><span class='ocrx_word' id='word_1_3' title='bbox 627 501 670 566; x_wconf 88' lang='lat'>5</span> <span class='ocrx_word' id='word_1_4' title='bbox 690 520 993 567; x_wconf 78' lang='lat' dir='ltr'><strong>crescens.</strong></span> <span class='ocrx_word' id='word_1_5' title='bbox 1061 501 1173 565; x_wconf 91' lang='lat' dir='ltr'><strong>ubi</strong></span> <span class='ocrx_word' id='word_1_6' title='bbox 1228 500 1396 565; x_wconf 92' lang='lat' dir='ltr'><strong>enim</strong></span> <span class='ocrx_word' id='word_1_7' title='bbox 1458 502 1552 564; x_wconf 89' lang='lat' dir='ltr'><strong>est</strong></span> <span class='ocrx_word' id='word_1_8' title='bbox 1606 498 1722 564; x_wconf 91' lang='lat' dir='ltr'><strong>illa</strong></span> <span class='ocrx_word' id='word_1_9' title='bbox 1766 516 1934 562; x_wconf 91' lang='lat' dir='ltr'><strong>nunc</strong></span> <span class='ocrx_word' id='word_1_10' title='bbox 1980 495 2205 562; x_wconf 85' lang='lat' dir='ltr'><strong>eximia</strong></span> <span class='ocrx_word' id='word_1_11' title='bbox 2249 495 2449 561; x_wconf 88' lang='lat' dir='ltr'><strong>forma</strong></span> <span class='ocrx_word' id='word_1_12' title='bbox 2493 497 2604 561; x_wconf 87' lang='lat' dir='ltr'><strong>tua</strong></span> <span class='ocrx_word' id='word_1_13' title='bbox 2648 499 2710 561; x_wconf 89' lang='lat' dir='ltr'><strong>et</strong></span> <span class='ocrx_word' id='word_1_14' title='bbox 2754 497 2947 563; x_wconf 88' lang='lat' dir='ltr'><strong>totius</strong></span> 
     </span>
     <span class='ocr_line' id='line_1_3' title="bbox 688 599 2947 686; baseline -0.002 -16"><span class='ocrx_word' id='word_1_15' title='bbox 688 606 959 685; x_wconf 90' lang='lat' dir='ltr'><strong>corporis</strong></span> <span class='ocrx_word' id='word_1_16' title='bbox 1007 602 1452 686; x_wconf 74' lang='lat' dir='ltr'><strong>pulchritudo?</strong></span> <span class='ocrx_word' id='word_1_17' title='bbox 1518 603 1626 666; x_wconf 91' lang='lat' dir='ltr'><strong>ubi</strong></span> <span class='ocrx_word' id='word_1_18' title='bbox 1671 601 1834 665; x_wconf 90' lang='lat' dir='ltr'><strong>illud</strong></span> <span class='ocrx_word' id='word_1_19' title='bbox 1880 601 1958 664; x_wconf 91' lang='lat' dir='ltr'><strong>de</strong></span> <span class='ocrx_word' id='word_1_20' title='bbox 2002 600 2169 664; x_wconf 89' lang='lat' dir='ltr'><strong>uiuis</strong></span> <span class='ocrx_word' id='word_1_21' title='bbox 2216 600 2559 664; x_wconf 88' lang='lat' dir='ltr'><strong>uirtutibus</strong></span> <span class='ocrx_word' id='word_1_22' title='bbox 2609 599 2736 664; x_wconf 84' lang='lat' dir='ltr'><strong>tuis</strong></span> <span class='ocrx_word' id='word_1_23' title='bbox 2782 600 2947 665; x_wconf 90' lang='lat' dir='ltr'><strong>diui-</strong></span> 
     </span>
     <span class='ocr_line' id='line_1_4' title="bbox 687 703 2949 790; baseline -0.002 -18"><span class='ocrx_word' id='word_1_24' title='bbox 687 726 907 772; x_wconf 89' lang='lat' dir='ltr'><strong>norum</strong></span> <span class='ocrx_word' id='word_1_25' title='bbox 951 707 1202 790; x_wconf 88' lang='lat' dir='ltr'><strong>apicum</strong></span> <span class='ocrx_word' id='word_1_26' title='bbox 1262 706 1695 771; x_wconf 84' lang='lat' dir='ltr'><strong>testimonium</strong></span> <span class='ocrx_word' id='word_1_27' title='bbox 1746 704 1995 770; x_wconf 85' lang='lat' dir='ltr'><strong>dicens:</strong></span> <span class='ocrx_word' id='word_1_28' title='bbox 2058 703 2625 768; x_wconf 79' lang='lat' dir='ltr'><strong>multitudinis</strong></span> <span class='ocrx_word' id='word_1_29' title='bbox 2684 707 2949 768; x_wconf 89' lang='lat' dir='ltr'><strong>autem</strong></span> 
     </span>
     <span class='ocr_line' id='line_1_5' title="bbox 686 807 2946 891; baseline -0.001 -16"><span class='ocrx_word' id='word_1_30' title='bbox 686 810 1176 875; x_wconf 89' lang='lat' dir='ltr'><strong>credentium</strong></span> <span class='ocrx_word' id='word_1_31' title='bbox 1234 813 1406 874; x_wconf 86' lang='lat' dir='ltr'><strong>erat</strong></span> <span class='ocrx_word' id='word_1_32' title='bbox 1466 827 1596 874; x_wconf 91' lang='lat' dir='ltr'><strong>cor</strong></span> <span class='ocrx_word' id='word_1_33' title='bbox 1641 809 1721 871; x_wconf 93' lang='lat' dir='ltr'><strong>et</strong></span> <span class='ocrx_word' id='word_1_34' title='bbox 1765 808 2026 873; x_wconf 92' lang='lat' dir='ltr'><strong>anima</strong></span> <span class='ocrx_word' id='word_1_35' title='bbox 2082 824 2257 886; x_wconf 89' lang='lat' dir='ltr'><strong>una,</strong></span> <span class='ocrx_word' id='word_1_36' title='bbox 2319 810 2399 870; x_wconf 88' lang='lat' dir='ltr'><strong>et</strong></span> <span class='ocrx_word' id='word_1_37' title='bbox 2460 825 2675 891; x_wconf 81' lang='lat' dir='ltr'><strong>nemo</strong></span> <span class='ocrx_word' id='word_1_38' title='bbox 2736 807 2946 889; x_wconf 91' lang='lat' dir='ltr'><strong>quic-</strong></span> 
     </span>
     <span class='ocr_line' id='line_1_6' title="bbox 686 909 3018 993; baseline -0 -17"><span class='ocrx_word' id='word_1_39' title='bbox 686 930 909 993; x_wconf 88' lang='lat' dir='ltr'><strong>quam</strong></span> <span class='ocrx_word' id='word_1_40' title='bbox 966 931 1056 976; x_wconf 84' lang='lat' dir='ltr'><strong>ex</strong></span> <span class='ocrx_word' id='word_1_41' title='bbox 1116 931 1198 976; x_wconf 93' lang='lat' dir='ltr'><strong>eo</strong></span> <span class='ocrx_word' id='word_1_42' title='bbox 1266 911 1467 992; x_wconf 89' lang='lat' dir='ltr'><strong>quod</strong></span> <span class='ocrx_word' id='word_1_43' title='bbox 1534 909 2006 993; x_wconf 80' lang='lat' dir='ltr'><strong>possidebat</strong></span> <span class='ocrx_word' id='word_1_44' title='bbox 2071 926 2294 973; x_wconf 85' lang='lat' dir='ltr'><strong>suum</strong></span> <span class='ocrx_word' id='word_1_45' title='bbox 2360 927 2529 972; x_wconf 91' lang='lat' dir='ltr'><strong>esse</strong></span> <span class='ocrx_word' id='word_1_46' title='bbox 2597 910 2944 975; x_wconf 88' lang='lat' dir='ltr'><strong>dicebat.</strong></span> <span class='ocrx_word' id='word_1_47' title='bbox 2991 934 3018 975; x_wconf 80' lang='lat'><strong>5</strong></span> 
     </span>
     <span class='ocr_line' id='line_1_7' title="bbox 685 1013 2946 1095; baseline -0 -16"><span class='ocrx_word' id='word_1_48' title='bbox 685 1016 862 1079; x_wconf 89' lang='lat' dir='ltr'><strong>cuius</strong></span> <span class='ocrx_word' id='word_1_49' title='bbox 908 1018 979 1079; x_wconf 92' lang='lat' dir='ltr'><strong>tu</strong></span> <span class='ocrx_word' id='word_1_50' title='bbox 1023 1033 1203 1095; x_wconf 87' lang='lat' dir='ltr'><strong>nunc,</strong></span> <span class='ocrx_word' id='word_1_51' title='bbox 1252 1034 1288 1079; x_wconf 95' lang='lat' dir='ltr'><strong>o</strong></span> <span class='ocrx_word' id='word_1_52' title='bbox 1327 1015 1501 1079; x_wconf 89' lang='lat' dir='ltr'><strong>dolor</strong></span> <span class='ocrx_word' id='word_1_53' title='bbox 1531 1031 1604 1077; x_wconf 87' lang='lat' dir='ltr'><strong>ac</strong></span> <span class='ocrx_word' id='word_1_54' title='bbox 1633 1013 2033 1077; x_wconf 75' lang='lat' dir='ltr'><strong>lamentatio!</strong></span> <span class='ocrx_word' id='word_1_55' title='bbox 2078 1013 2412 1076; x_wconf 88' lang='lat' dir='ltr'><strong>lectionem</strong></span> <span class='ocrx_word' id='word_1_56' title='bbox 2456 1016 2709 1076; x_wconf 85' lang='lat' dir='ltr'><strong>tantum</strong></span> <span class='ocrx_word' id='word_1_57' title='bbox 2752 1014 2946 1078; x_wconf 87' lang='lat' dir='ltr'><strong>habes</strong></span> 
     </span>
     <span class='ocr_line' id='line_1_8' title="bbox 685 1114 2962 1197; baseline 0 -16"><span class='ocrx_word' id='word_1_58' title='bbox 685 1117 989 1181; x_wconf 90' lang='lat' dir='ltr'><strong>uirtutem</strong></span> <span class='ocrx_word' id='word_1_59' title='bbox 1034 1134 1155 1182; x_wconf 93' lang='lat' dir='ltr'><strong>non</strong></span> <span class='ocrx_word' id='word_1_60' title='bbox 1200 1117 1411 1193; x_wconf 80' lang='lat' dir='ltr'><strong>habeS‚</strong></span> <span class='ocrx_word' id='word_1_61' title='bbox 1467 1116 1688 1197; x_wconf 89' lang='lat' dir='ltr'><strong>cuique</strong></span> <span class='ocrx_word' id='word_1_62' title='bbox 1734 1116 1808 1179; x_wconf 90' lang='lat' dir='ltr'><strong>tu</strong></span> <span class='ocrx_word' id='word_1_63' title='bbox 1871 1114 2134 1179; x_wconf 88' lang='lat' dir='ltr'><strong>scientia</strong></span> <span class='ocrx_word' id='word_1_64' title='bbox 2199 1117 2448 1179; x_wconf 87' lang='lat' dir='ltr'><strong>tantum</strong></span> <span class='ocrx_word' id='word_1_65' title='bbox 2510 1117 2739 1180; x_wconf 91' lang='lat' dir='ltr'><strong>interes</strong></span> <span class='ocrx_word' id='word_1_66' title='bbox 2801 1135 2962 1182; x_wconf 85' lang='lat' dir='ltr'><strong>con--</strong></span> 
     </span>
    </p>

    <p class='ocr_par' dir='ltr' id='par_1_3' title="bbox 626 1217 3018 2335">
     <span class='ocr_line' id='line_1_9' title="bbox 626 1217 2947 1303; baseline 0 -20"><span class='ocrx_word' id='word_1_67' title='bbox 626 1227 668 1292; x_wconf 84' lang='lat'>6</span> <span class='ocrx_word' id='word_1_68' title='bbox 686 1222 945 1285; x_wconf 86' lang='lat' dir='ltr'><strong>scientia</strong></span> <span class='ocrx_word' id='word_1_69' title='bbox 1010 1221 1175 1285; x_wconf 87' lang='lat' dir='ltr'><strong>abes.</strong></span> <span class='ocrx_word' id='word_1_70' title='bbox 1251 1222 1523 1285; x_wconf 81' lang='lat' dir='ltr'><strong>maxima</strong></span> <span class='ocrx_word' id='word_1_71' title='bbox 1568 1220 1798 1303; x_wconf 88' lang='lat' dir='ltr'><strong>quippe</strong></span> <span class='ocrx_word' id='word_1_72' title='bbox 1863 1236 2028 1284; x_wconf 88' lang='lat' dir='ltr'><strong>nunc</strong></span> <span class='ocrx_word' id='word_1_73' title='bbox 2083 1217 2360 1282; x_wconf 84' lang='lat' dir='ltr'><strong>filiorum</strong></span> <span class='ocrx_word' id='word_1_74' title='bbox 2427 1223 2680 1284; x_wconf 90' lang='lat' dir='ltr'><strong>tuorum</strong></span> <span class='ocrx_word' id='word_1_75' title='bbox 2745 1220 2947 1303; x_wconf 88' lang='lat' dir='ltr'><strong>portio</strong></span> 
     </span>
     <span class='ocr_line' id='line_1_10' title="bbox 686 1321 2945 1406; baseline 0 -19"><span class='ocrx_word' id='word_1_76' title='bbox 686 1325 1151 1389; x_wconf 87' lang='lat' dir='ltr'><strong>mortiferarum</strong></span> <span class='ocrx_word' id='word_1_77' title='bbox 1194 1342 1403 1388; x_wconf 91' lang='lat' dir='ltr'><strong>rerum</strong></span> <span class='ocrx_word' id='word_1_78' title='bbox 1450 1323 1827 1406; x_wconf 81' lang='lat' dir='ltr'><strong>negotiatrix</strong></span> <span class='ocrx_word' id='word_1_79' title='bbox 1872 1323 1969 1386; x_wconf 89' lang='lat' dir='ltr'><strong>est</strong></span> <span class='ocrx_word' id='word_1_80' title='bbox 2012 1321 2410 1405; x_wconf 88' lang='lat' dir='ltr'><strong>propolisque</strong></span> <span class='ocrx_word' id='word_1_81' title='bbox 2455 1326 2518 1388; x_wconf 91' lang='lat' dir='ltr'><strong>et</strong></span> <span class='ocrx_word' id='word_1_82' title='bbox 2562 1322 2945 1406; x_wconf 86' lang='lat' dir='ltr'><strong>cauponibus</strong></span> 
     </span>
     <span class='ocr_line' id='line_1_11' title="bbox 685 1425 3018 1509; baseline 0 -17"><span class='ocrx_word' id='word_1_83' title='bbox 685 1428 914 1494; x_wconf 87' lang='lat' dir='ltr'><strong>similis</strong></span> <span class='ocrx_word' id='word_1_84' title='bbox 981 1429 1260 1509; x_wconf 87' lang='lat' dir='ltr'><strong>terrenis,</strong></span> <span class='ocrx_word' id='word_1_85' title='bbox 1328 1427 1523 1491; x_wconf 90' lang='lat' dir='ltr'><strong>immo</strong></span> <span class='ocrx_word' id='word_1_86' title='bbox 1589 1425 1906 1501; x_wconf 83' lang='lat' dir='ltr'><strong>tartareis,</strong></span> <span class='ocrx_word' id='word_1_87' title='bbox 1973 1425 2268 1507; x_wconf 89' lang='lat' dir='ltr'><strong>perituris</strong></span> <span class='ocrx_word' id='word_1_88' title='bbox 2325 1426 2515 1491; x_wconf 89' lang='lat' dir='ltr'><strong>simul</strong></span> <span class='ocrx_word' id='word_1_89' title='bbox 2575 1429 2762 1509; x_wconf 90' lang='lat' dir='ltr'><strong>atque</strong></span> <span class='ocrx_word' id='word_1_90' title='bbox 2804 1445 2945 1508; x_wconf 90' lang='lat' dir='ltr'><strong>per-</strong></span> <span class='ocrx_word' id='word_1_91' title='bbox 2968 1453 3018 1493; x_wconf 84' lang='grc' dir='ltr'><strong>ιο</strong></span> 
     </span>
     <span class='ocr_line' id='line_1_12' title="bbox 687 1527 2945 1610; baseline 0 -16"><span class='ocrx_word' id='word_1_92' title='bbox 687 1529 985 1594; x_wconf 84' lang='lat' dir='ltr'><strong>dentibus</strong></span> <span class='ocrx_word' id='word_1_93' title='bbox 1031 1529 1245 1594; x_wconf 86' lang='lat' dir='ltr'><strong>studet</strong></span> <span class='ocrx_word' id='word_1_94' title='bbox 1290 1527 1607 1593; x_wconf 89' lang='lat' dir='ltr'><strong>nundinis.</strong></span> <span class='ocrx_word' id='word_1_95' title='bbox 1667 1528 1843 1592; x_wconf 89' lang='lat' dir='ltr'><strong>lucro</strong></span> <span class='ocrx_word' id='word_1_96' title='bbox 1888 1527 2056 1592; x_wconf 92' lang='lat' dir='ltr'><strong>enim</strong></span> <span class='ocrx_word' id='word_1_97' title='bbox 2098 1531 2396 1610; x_wconf 86' lang='lat' dir='ltr'><strong>pecuniae</strong></span> <span class='ocrx_word' id='word_1_98' title='bbox 2430 1531 2730 1594; x_wconf 90' lang='lat' dir='ltr'><strong>damnum</strong></span> <span class='ocrx_word' id='word_1_99' title='bbox 2774 1531 2945 1594; x_wconf 87' lang='lat' dir='ltr'><strong>uitae</strong></span> 
     </span>
     <span class='ocr_line' id='line_1_13' title="bbox 686 1633 2947 1715; baseline 0 -17"><span class='ocrx_word' id='word_1_100' title='bbox 686 1637 980 1707; x_wconf 89' lang='lat' dir='ltr'><strong>ementes,</strong></span> <span class='ocrx_word' id='word_1_101' title='bbox 1026 1637 1099 1697; x_wconf 87' lang='lat' dir='ltr'><strong>ut</strong></span> <span class='ocrx_word' id='word_1_102' title='bbox 1146 1633 1475 1713; x_wconf 84' lang='lat' dir='ltr'><strong>adquirant</strong></span> <span class='ocrx_word' id='word_1_103' title='bbox 1504 1650 1660 1715; x_wconf 91' lang='lat' dir='ltr'><strong>quae</strong></span> <span class='ocrx_word' id='word_1_104' title='bbox 1694 1650 1818 1696; x_wconf 91' lang='lat' dir='ltr'><strong>non</strong></span> <span class='ocrx_word' id='word_1_105' title='bbox 1849 1634 1997 1697; x_wconf 89' lang='lat' dir='ltr'><strong>sunt</strong></span> <span class='ocrx_word' id='word_1_106' title='bbox 2040 1651 2168 1711; x_wconf 79' lang='lat' dir='ltr'><strong>sua,</strong></span> <span class='ocrx_word' id='word_1_107' title='bbox 2217 1633 2558 1715; x_wconf 86' lang='lat' dir='ltr'><strong>prodigunt</strong></span> <span class='ocrx_word' id='word_1_108' title='bbox 2593 1652 2751 1715; x_wconf 89' lang='lat' dir='ltr'><strong>quae</strong></span> <span class='ocrx_word' id='word_1_109' title='bbox 2797 1637 2947 1698; x_wconf 91' lang='lat' dir='ltr'><strong>sunt</strong></span> 
     </span>
     <span class='ocr_line' id='line_1_14' title="bbox 684 1736 2945 1817; baseline 0 -16"><span class='ocrx_word' id='word_1_110' title='bbox 684 1755 815 1816; x_wconf 88' lang='lat' dir='ltr'><strong>sua,</strong></span> <span class='ocrx_word' id='word_1_111' title='bbox 882 1738 1254 1802; x_wconf 83' lang='lat' dir='ltr'><strong>mandantes</strong></span> <span class='ocrx_word' id='word_1_112' title='bbox 1320 1739 1527 1817; x_wconf 78' lang='lat' dir='ltr'><strong>terrae</strong></span> <span class='ocrx_word' id='word_1_113' title='bbox 1590 1736 1914 1800; x_wconf 83' lang='lat' dir='ltr'><strong>thesauros</strong></span> <span class='ocrx_word' id='word_1_114' title='bbox 1981 1737 2299 1801; x_wconf 85' lang='lat' dir='ltr'><strong>luctuosos</strong></span> <span class='ocrx_word' id='word_1_115' title='bbox 2367 1736 2691 1802; x_wconf 80' lang='lat' dir='ltr'><strong>heredibus</strong></span> <span class='ocrx_word' id='word_1_116' title='bbox 2757 1738 2945 1802; x_wconf 91' lang='lat' dir='ltr'><strong>breue</strong></span> 
     </span>
     <span class='ocr_line' id='line_1_15' title="bbox 686 1838 2944 1922; baseline 0.001 -19"><span class='ocrx_word' id='word_1_117' title='bbox 686 1841 987 1922; x_wconf 88' lang='lat' dir='ltr'><strong>gaudium</strong></span> <span class='ocrx_word' id='word_1_118' title='bbox 1042 1839 1405 1903; x_wconf 87' lang='lat' dir='ltr'><strong>auctoribus</strong></span> <span class='ocrx_word' id='word_1_119' title='bbox 1464 1838 1726 1922; x_wconf 83' lang='lat' dir='ltr'><strong>longum</strong></span> <span class='ocrx_word' id='word_1_120' title='bbox 1784 1856 2129 1903; x_wconf 88' lang='lat' dir='ltr'><strong>maerorem</strong></span> <span class='ocrx_word' id='word_1_121' title='bbox 2187 1840 2521 1917; x_wconf 77' lang='lat' dir='ltr'><strong>adlaturoS‚</strong></span> <span class='ocrx_word' id='word_1_122' title='bbox 2591 1840 2944 1906; x_wconf 85' lang='lat' dir='ltr'><strong>fraudantes</strong></span> 
     </span>
     <span class='ocr_line' id='line_1_16' title="bbox 686 1940 3017 2027; baseline 0.002 -20"><span class='ocrx_word' id='word_1_123' title='bbox 686 1962 804 2007; x_wconf 89' lang='lat' dir='ltr'><strong>usu</strong></span> <span class='ocrx_word' id='word_1_124' title='bbox 865 1961 1079 2006; x_wconf 88' lang='lat' dir='ltr'><strong>rerum</strong></span> <span class='ocrx_word' id='word_1_125' title='bbox 1131 1941 1560 2024; x_wconf 75' lang='lat' dir='ltr'><strong>praesentium</strong></span> <span class='ocrx_word' id='word_1_126' title='bbox 1614 1942 1750 2005; x_wconf 85' lang='lat' dir='ltr'><strong>tam</strong></span> <span class='ocrx_word' id='word_1_127' title='bbox 1811 1940 1965 2005; x_wconf 90' lang='lat' dir='ltr'><strong>alios</strong></span> <span class='ocrx_word' id='word_1_128' title='bbox 2020 1960 2207 2023; x_wconf 90' lang='lat' dir='ltr'><strong>quam</strong></span> <span class='ocrx_word' id='word_1_129' title='bbox 2252 1960 2320 2007; x_wconf 90' lang='lat' dir='ltr'><strong>se</strong></span> <span class='ocrx_word' id='word_1_130' title='bbox 2364 1944 2551 2027; x_wconf 80' lang='lat' dir='ltr'><strong>ipsoS‚</strong></span> <span class='ocrx_word' id='word_1_131' title='bbox 2589 1946 2941 2009; x_wconf 83' lang='lat' dir='ltr'><strong>condentes</strong></span> <span class='ocrx_word' id='word_1_132' title='bbox 2966 1971 3017 2011; x_wconf 86' lang='lat'><strong>15</strong></span> 
     </span>
     <span class='ocr_line' id='line_1_17' title="bbox 687 2044 2946 2128; baseline 0.001 -20"><span class='ocrx_word' id='word_1_133' title='bbox 687 2045 1010 2128; x_wconf 86' lang='lat' dir='ltr'><strong>profundis</strong></span> <span class='ocrx_word' id='word_1_134' title='bbox 1078 2044 1366 2126; x_wconf 86' lang='lat' dir='ltr'><strong>specibus</strong></span> <span class='ocrx_word' id='word_1_135' title='bbox 1433 2044 1718 2109; x_wconf 89' lang='lat' dir='ltr'><strong>infernas</strong></span> <span class='ocrx_word' id='word_1_136' title='bbox 1779 2062 1941 2126; x_wconf 89' lang='lat' dir='ltr'><strong>opes,</strong></span> <span class='ocrx_word' id='word_1_137' title='bbox 2010 2044 2201 2109; x_wconf 90' lang='lat' dir='ltr'><strong>simul</strong></span> <span class='ocrx_word' id='word_1_138' title='bbox 2261 2047 2594 2126; x_wconf 88' lang='lat' dir='ltr'><strong>pecuniam</strong></span> <span class='ocrx_word' id='word_1_139' title='bbox 2645 2065 2828 2111; x_wconf 89' lang='lat' dir='ltr'><strong>suam</strong></span> <span class='ocrx_word' id='word_1_140' title='bbox 2872 2065 2946 2112; x_wconf 90' lang='lat' dir='ltr'><strong>ac</strong></span> 
     </span>
     <span class='ocr_line' id='line_1_18' title="bbox 686 2146 2946 2230; baseline 0.002 -19"><span class='ocrx_word' id='word_1_141' title='bbox 686 2167 865 2230; x_wconf 89' lang='lat' dir='ltr'><strong>spem</strong></span> <span class='ocrx_word' id='word_1_142' title='bbox 923 2167 1102 2213; x_wconf 91' lang='lat' dir='ltr'><strong>suam</strong></span> <span class='ocrx_word' id='word_1_143' title='bbox 1159 2147 1539 2212; x_wconf 88' lang='lat' dir='ltr'><strong>infodientes</strong></span> <span class='ocrx_word' id='word_1_144' title='bbox 1582 2148 1928 2212; x_wconf 92' lang='lat' dir='ltr'><strong>secundum</strong></span> <span class='ocrx_word' id='word_1_145' title='bbox 1972 2146 2136 2212; x_wconf 92' lang='lat' dir='ltr'><strong>illud</strong></span> <span class='ocrx_word' id='word_1_146' title='bbox 2181 2149 2421 2213; x_wconf 86' lang='lat' dir='ltr'><strong>scilicet</strong></span> <span class='ocrx_word' id='word_1_147' title='bbox 2466 2150 2701 2214; x_wconf 90' lang='lat' dir='ltr'><strong>domini</strong></span> <span class='ocrx_word' id='word_1_148' title='bbox 2746 2152 2946 2216; x_wconf 88' lang='lat' dir='ltr'><strong>nostri</strong></span> 
     </span>
     <span class='ocr_line' id='line_1_19' title="bbox 687 2252 2947 2335; baseline 0 -18"><span class='ocrx_word' id='word_1_149' title='bbox 687 2254 958 2330; x_wconf 87' lang='lat' dir='ltr'><strong>dictum,</strong></span> <span class='ocrx_word' id='word_1_150' title='bbox 1026 2271 1147 2335; x_wconf 91' lang='lat' dir='ltr'><strong>quo</strong></span> <span class='ocrx_word' id='word_1_151' title='bbox 1206 2252 1329 2319; x_wconf 78' lang='lat' dir='ltr'><strong>ait:</strong></span> <span class='ocrx_word' id='word_1_152' title='bbox 1397 2252 1534 2317; x_wconf 89' lang='lat' dir='ltr'><strong>ubi</strong></span> <span class='ocrx_word' id='word_1_153' title='bbox 1594 2253 1845 2317; x_wconf 89' lang='lat' dir='ltr'><strong>fuerit</strong></span> <span class='ocrx_word' id='word_1_154' title='bbox 1889 2252 2315 2317; x_wconf 90' lang='lat' dir='ltr'><strong>thesaurus</strong></span> <span class='ocrx_word' id='word_1_155' title='bbox 2360 2255 2575 2330; x_wconf 82' lang='lat' dir='ltr'><strong>tuus,</strong></span> <span class='ocrx_word' id='word_1_156' title='bbox 2630 2254 2744 2320; x_wconf 88' lang='lat' dir='ltr'><strong>ibi</strong></span> <span class='ocrx_word' id='word_1_157' title='bbox 2791 2256 2947 2319; x_wconf 90' lang='lat' dir='ltr'><strong>erit</strong></span> 
     </span>
    </p>

    <p class='ocr_par' dir='ltr' id='par_1_4' title="bbox 629 2356 3017 3366">
     <span class='ocr_line' id='line_1_20' title="bbox 629 2356 2948 2441; baseline -0 -18"><span class='ocrx_word' id='word_1_158' title='bbox 629 2360 664 2423; x_wconf 87' lang='lat'><strong>7</strong></span> <span class='ocrx_word' id='word_1_159' title='bbox 687 2360 768 2422; x_wconf 94' lang='lat' dir='ltr'><strong>et</strong></span> <span class='ocrx_word' id='word_1_160' title='bbox 828 2375 955 2421; x_wconf 91' lang='lat' dir='ltr'><strong>cor</strong></span> <span class='ocrx_word' id='word_1_161' title='bbox 1011 2361 1242 2422; x_wconf 91' lang='lat' dir='ltr'><strong>tuum.</strong></span> <span class='ocrx_word' id='word_1_162' title='bbox 1309 2357 1599 2420; x_wconf 86' lang='lat' dir='ltr'><strong>inuident</strong></span> <span class='ocrx_word' id='word_1_163' title='bbox 1658 2357 1871 2438; x_wconf 88' lang='lat' dir='ltr'><strong>itaque</strong></span> <span class='ocrx_word' id='word_1_164' title='bbox 1927 2356 2120 2421; x_wconf 88' lang='lat' dir='ltr'><strong>saluti</strong></span> <span class='ocrx_word' id='word_1_165' title='bbox 2176 2374 2323 2422; x_wconf 85' lang='lat' dir='ltr'><strong>suae</strong></span> <span class='ocrx_word' id='word_1_166' title='bbox 2382 2357 2749 2439; x_wconf 86' lang='lat' dir='ltr'><strong>animasque</strong></span> <span class='ocrx_word' id='word_1_167' title='bbox 2804 2376 2948 2441; x_wconf 87' lang='lat' dir='ltr'><strong>pro-</strong></span> 
     </span>
     <span class='ocr_line' id='line_1_21' title="bbox 683 2456 3016 2544; baseline 0.001 -19"><span class='ocrx_word' id='word_1_168' title='bbox 683 2456 873 2543; x_wconf 82' lang='lat' dir='ltr'><strong>prias,</strong></span> <span class='ocrx_word' id='word_1_169' title='bbox 920 2480 1076 2544; x_wconf 89' lang='lat' dir='ltr'><strong>quae</strong></span> <span class='ocrx_word' id='word_1_170' title='bbox 1103 2459 1407 2525; x_wconf 90' lang='lat' dir='ltr'><strong>uocantur</strong></span> <span class='ocrx_word' id='word_1_171' title='bbox 1434 2461 1514 2524; x_wconf 91' lang='lat' dir='ltr'><strong>ad</strong></span> <span class='ocrx_word' id='word_1_172' title='bbox 1557 2459 1817 2537; x_wconf 84' lang='lat' dir='ltr'><strong>eaelum,</strong></span> <span class='ocrx_word' id='word_1_173' title='bbox 1865 2458 2130 2525; x_wconf 90' lang='lat' dir='ltr'><strong>terrenis</strong></span> <span class='ocrx_word' id='word_1_174' title='bbox 2174 2461 2552 2542; x_wconf 90' lang='lat' dir='ltr'><strong>ponderibus</strong></span> <span class='ocrx_word' id='word_1_175' title='bbox 2597 2462 2665 2526; x_wconf 93' lang='lat' dir='ltr'><strong>in</strong></span> <span class='ocrx_word' id='word_1_176' title='bbox 2708 2466 2946 2527; x_wconf 89' lang='lat' dir='ltr'><strong>terram</strong></span> <span class='ocrx_word' id='word_1_177' title='bbox 2964 2488 3016 2527; x_wconf 80' lang='lat'><strong>20</strong></span> 
     </span>
     <span class='ocr_line' id='line_1_22' title="bbox 684 2561 2947 2647; baseline 0.001 -20"><span class='ocrx_word' id='word_1_178' title='bbox 684 2569 993 2647; x_wconf 88' lang='lat' dir='ltr'><strong>premunt.</strong></span> <span class='ocrx_word' id='word_1_179' title='bbox 1058 2582 1233 2628; x_wconf 85' lang='lat' dir='ltr'><strong>mens</strong></span> <span class='ocrx_word' id='word_1_180' title='bbox 1275 2563 1442 2627; x_wconf 86' lang='lat' dir='ltr'><strong>enim</strong></span> <span class='ocrx_word' id='word_1_181' title='bbox 1486 2561 1974 2627; x_wconf 83' lang='lat' dir='ltr'><strong>thesaurizantis</strong></span> <span class='ocrx_word' id='word_1_182' title='bbox 2022 2563 2392 2628; x_wconf 89' lang='lat' dir='ltr'><strong>thesaurum</strong></span> <span class='ocrx_word' id='word_1_183' title='bbox 2436 2583 2621 2629; x_wconf 90' lang='lat' dir='ltr'><strong>suum</strong></span> <span class='ocrx_word' id='word_1_184' title='bbox 2665 2565 2947 2647; x_wconf 88' lang='lat' dir='ltr'><strong>sequitur</strong></span> 
     </span>
     <span class='ocr_line' id='line_1_23' title="bbox 686 2664 2947 2749; baseline 0 -18"><span class='ocrx_word' id='word_1_185' title='bbox 686 2667 750 2731; x_wconf 86' lang='lat' dir='ltr'><strong>et</strong></span> <span class='ocrx_word' id='word_1_186' title='bbox 803 2668 984 2749; x_wconf 90' lang='lat' dir='ltr'><strong>quasi</strong></span> <span class='ocrx_word' id='word_1_187' title='bbox 1039 2668 1107 2731; x_wconf 91' lang='lat' dir='ltr'><strong>in</strong></span> <span class='ocrx_word' id='word_1_188' title='bbox 1165 2666 1460 2730; x_wconf 89' lang='lat' dir='ltr'><strong>naturam</strong></span> <span class='ocrx_word' id='word_1_189' title='bbox 1525 2664 1847 2730; x_wconf 87' lang='lat' dir='ltr'><strong>terrestris</strong></span> <span class='ocrx_word' id='word_1_190' title='bbox 1914 2665 2302 2730; x_wconf 89' lang='lat' dir='ltr'><strong>substantiae</strong></span> <span class='ocrx_word' id='word_1_191' title='bbox 2371 2665 2733 2733; x_wconf 88' lang='lat' dir='ltr'><strong>demutatur</strong></span> <span class='ocrx_word' id='word_1_192' title='bbox 2752 2719 2766 2746; x_wconf 90' lang='lat'>,</span> <span class='ocrx_word' id='word_1_193' title='bbox 2834 2686 2947 2732; x_wconf 90' lang='lat' dir='ltr'><strong>nec</strong></span> 
     </span>
     <span class='ocr_line' id='line_1_24' title="bbox 686 2768 2946 2853; baseline 0 -19"><span class='ocrx_word' id='word_1_194' title='bbox 686 2770 889 2834; x_wconf 92' lang='lat' dir='ltr'><strong>solum</strong></span> <span class='ocrx_word' id='word_1_195' title='bbox 947 2787 1114 2833; x_wconf 90' lang='lat' dir='ltr'><strong>nunc</strong></span> <span class='ocrx_word' id='word_1_196' title='bbox 1180 2768 1285 2834; x_wconf 93' lang='lat' dir='ltr'><strong>sed</strong></span> <span class='ocrx_word' id='word_1_197' title='bbox 1340 2770 1532 2834; x_wconf 89' lang='lat' dir='ltr'><strong>etiam</strong></span> <span class='ocrx_word' id='word_1_198' title='bbox 1594 2769 1663 2832; x_wconf 90' lang='lat' dir='ltr'><strong>in</strong></span> <span class='ocrx_word' id='word_1_199' title='bbox 1708 2769 1918 2834; x_wconf 84' lang='lat' dir='ltr'><strong>futuro</strong></span> <span class='ocrx_word' id='word_1_200' title='bbox 1963 2769 2149 2850; x_wconf 89' lang='lat' dir='ltr'><strong>atque</strong></span> <span class='ocrx_word' id='word_1_201' title='bbox 2193 2773 2514 2850; x_wconf 86' lang='lat' dir='ltr'><strong>perpetuo.</strong></span> <span class='ocrx_word' id='word_1_202' title='bbox 2587 2788 2736 2835; x_wconf 90' lang='lat' dir='ltr'><strong>nam</strong></span> <span class='ocrx_word' id='word_1_203' title='bbox 2781 2789 2946 2853; x_wconf 90' lang='lat' dir='ltr'><strong>cum,</strong></span> 
     </span>
     <span class='ocr_line' id='line_1_25' title="bbox 686 2872 2945 2954; baseline 0.001 -19"><span class='ocrx_word' id='word_1_204' title='bbox 686 2875 759 2935; x_wconf 91' lang='lat' dir='ltr'><strong>ut</strong></span> <span class='ocrx_word' id='word_1_205' title='bbox 801 2873 1106 2953; x_wconf 89' lang='lat' dir='ltr'><strong>scriptum</strong></span> <span class='ocrx_word' id='word_1_206' title='bbox 1164 2875 1279 2950; x_wconf 87' lang='lat' dir='ltr'><strong>est,</strong></span> <span class='ocrx_word' id='word_1_207' title='bbox 1339 2875 1482 2937; x_wconf 86' lang='lat' dir='ltr'><strong>ante</strong></span> <span class='ocrx_word' id='word_1_208' title='bbox 1540 2873 1862 2937; x_wconf 88' lang='lat' dir='ltr'><strong>hominem</strong></span> <span class='ocrx_word' id='word_1_209' title='bbox 1920 2874 2070 2936; x_wconf 90' lang='lat' dir='ltr'><strong>uita·</strong></span> <span class='ocrx_word' id='word_1_210' title='bbox 2100 2872 2334 2954; x_wconf 90' lang='lat' dir='ltr'><strong>pariter</strong></span> <span class='ocrx_word' id='word_1_211' title='bbox 2379 2892 2450 2938; x_wconf 91' lang='lat' dir='ltr'><strong>ac</strong></span> <span class='ocrx_word' id='word_1_212' title='bbox 2493 2892 2659 2938; x_wconf 92' lang='lat' dir='ltr'><strong>mors</strong></span> <span class='ocrx_word' id='word_1_213' title='bbox 2706 2875 2835 2938; x_wconf 91' lang='lat' dir='ltr'><strong>sint</strong></span> <span class='ocrx_word' id='word_1_214' title='bbox 2882 2877 2945 2939; x_wconf 89' lang='lat' dir='ltr'><strong>et</strong></span> 
     </span>
     <span class='ocr_line' id='line_1_26' title="bbox 687 2973 3017 3060; baseline 0.002 -22"><span class='ocrx_word' id='word_1_215' title='bbox 687 2973 768 3039; x_wconf 90' lang='lat' dir='ltr'><strong>ad</strong></span> <span class='ocrx_word' id='word_1_216' title='bbox 825 2978 987 3055; x_wconf 90' lang='lat' dir='ltr'><strong>quod</strong></span> <span class='ocrx_word' id='word_1_217' title='bbox 1053 2974 1197 3037; x_wconf 91' lang='lat' dir='ltr'><strong>uult</strong></span> <span class='ocrx_word' id='word_1_218' title='bbox 1261 2993 1519 3038; x_wconf 91' lang='lat' dir='ltr'><strong>manum</strong></span> <span class='ocrx_word' id='word_1_219' title='bbox 1578 2973 1878 3058; x_wconf 85' lang='lat' dir='ltr'><strong>porrigat,</strong></span> <span class='ocrx_word' id='word_1_220' title='bbox 1941 2993 2192 3039; x_wconf 44' lang='lat' dir='ltr'><strong>wnecesse</strong></span> <span class='ocrx_word' id='word_1_221' title='bbox 2251 2980 2347 3039; x_wconf 92' lang='lat' dir='ltr'><strong>est</strong></span> <span class='ocrx_word' id='word_1_222' title='bbox 2392 2995 2465 3040; x_wconf 88' lang='lat' dir='ltr'><strong>ea</strong></span> <span class='ocrx_word' id='word_1_223' title='bbox 2522 2978 2947 3060; x_wconf 88' lang='lat' dir='ltr'><strong>unusquisque</strong></span> <span class='ocrx_word' id='word_1_224' title='bbox 2963 3004 3017 3046; x_wconf 67' lang='grc' dir='ltr'>π</span> 
     </span>
     <span class='ocr_line' id='line_1_27' title="bbox 686 3076 2947 3161; baseline 0.002 -21"><span class='ocrx_word' id='word_1_225' title='bbox 686 3076 1014 3141; x_wconf 89' lang='lat' dir='ltr'><strong>hominum</strong></span> <span class='ocrx_word' id='word_1_226' title='bbox 1059 3078 1125 3142; x_wconf 93' lang='lat' dir='ltr'><strong>in</strong></span> <span class='ocrx_word' id='word_1_227' title='bbox 1170 3077 1540 3142; x_wconf 84' lang='lat' dir='ltr'><strong>aeternitate</strong></span> <span class='ocrx_word' id='word_1_228' title='bbox 1598 3079 1943 3160; x_wconf 88' lang='lat' dir='ltr'><strong>possideat,</strong></span> <span class='ocrx_word' id='word_1_229' title='bbox 2008 3095 2164 3161; x_wconf 88' lang='lat' dir='ltr'><strong>quae</strong></span> <span class='ocrx_word' id='word_1_230' title='bbox 2208 3079 2313 3143; x_wconf 89' lang='lat' dir='ltr'><strong>hic</strong></span> <span class='ocrx_word' id='word_1_231' title='bbox 2370 3080 2551 3161; x_wconf 91' lang='lat' dir='ltr'><strong>quasi</strong></span> <span class='ocrx_word' id='word_1_232' title='bbox 2595 3099 2789 3144; x_wconf 90' lang='lat' dir='ltr'><strong>manu</strong></span> <span class='ocrx_word' id='word_1_233' title='bbox 2835 3099 2947 3145; x_wconf 88' lang='lat' dir='ltr'><strong>sua</strong></span> 
     </span>
     <span class='ocr_line' id='line_1_28' title="bbox 685 3181 2946 3263; baseline 0.002 -20"><span class='ocrx_word' id='word_1_234' title='bbox 685 3181 818 3263; x_wconf 90' lang='lat' dir='ltr'><strong>ipse</strong></span> <span class='ocrx_word' id='word_1_235' title='bbox 884 3182 1241 3263; x_wconf 85' lang='lat' dir='ltr'><strong>peruaserit,</strong></span> <span class='ocrx_word' id='word_1_236' title='bbox 1311 3181 1746 3262; x_wconf 87' lang='lat' dir='ltr'><strong>uoluntatique</strong></span> <span class='ocrx_word' id='word_1_237' title='bbox 1807 3199 1882 3245; x_wconf 92' lang='lat' dir='ltr'><strong>ac</strong></span> <span class='ocrx_word' id='word_1_238' title='bbox 1937 3181 2288 3246; x_wconf 89' lang='lat' dir='ltr'><strong>sententiae</strong></span> <span class='ocrx_word' id='word_1_239' title='bbox 2346 3200 2494 3247; x_wconf 91' lang='lat' dir='ltr'><strong>suae</strong></span> <span class='ocrx_word' id='word_1_240' title='bbox 2556 3183 2802 3248; x_wconf 89' lang='lat' dir='ltr'><strong>deditus</strong></span> <span class='ocrx_word' id='word_1_241' title='bbox 2848 3182 2946 3247; x_wconf 91' lang='lat' dir='ltr'><strong>his</strong></span> 
     </span>
     <span class='ocr_line' id='line_1_29' title="bbox 685 3283 2857 3366; baseline 0 -19"><span class='ocrx_word' id='word_1_242' title='bbox 685 3284 753 3347; x_wconf 92' lang='lat' dir='ltr'><strong>in</strong></span> <span class='ocrx_word' id='word_1_243' title='bbox 802 3284 1013 3348; x_wconf 88' lang='lat' dir='ltr'><strong>futuro</strong></span> <span class='ocrx_word' id='word_1_244' title='bbox 1061 3285 1399 3348; x_wconf 89' lang='lat' dir='ltr'><strong>adhaereat</strong></span> <span class='ocrx_word' id='word_1_245' title='bbox 1434 3283 1815 3362; x_wconf 79' lang='lat' dir='ltr'><strong>condicione,</strong></span> <span class='ocrx_word' id='word_1_246' title='bbox 1863 3283 2091 3366; x_wconf 87' lang='lat' dir='ltr'><strong>quibus</strong></span> <span class='ocrx_word' id='word_1_247' title='bbox 2137 3284 2239 3348; x_wconf 89' lang='lat' dir='ltr'><strong>hic</strong></span> <span class='ocrx_word' id='word_1_248' title='bbox 2280 3284 2568 3350; x_wconf 83' lang='lat' dir='ltr'><strong>adhaesit</strong></span> <span class='ocrx_word' id='word_1_249' title='bbox 2611 3286 2857 3350; x_wconf 88' lang='lat' dir='ltr'><strong>affectu.</strong></span> 
     </span>
    </p>

    <p class='ocr_par' dir='ltr' id='par_1_5' title="bbox 625 3386 3018 3573">
     <span class='ocr_line' id='line_1_30' title="bbox 625 3386 2946 3472; baseline -0.002 -16"><span class='ocrx_word' id='word_1_250' title='bbox 625 3391 666 3456; x_wconf 92' lang='lat'>8</span> <span class='ocrx_word' id='word_1_251' title='bbox 770 3386 854 3453; x_wconf 91' lang='lat' dir='ltr'><strong>II.</strong></span> <span class='ocrx_word' id='word_1_252' title='bbox 915 3386 1035 3452; x_wconf 88' lang='lat' dir='ltr'><strong>Sed</strong></span> <span class='ocrx_word' id='word_1_253' title='bbox 1080 3388 1372 3451; x_wconf 89' lang='lat' dir='ltr'><strong>uidelicet</strong></span> <span class='ocrx_word' id='word_1_254' title='bbox 1417 3390 1738 3451; x_wconf 85' lang='lat' dir='ltr'><strong>immunes</strong></span> <span class='ocrx_word' id='word_1_255' title='bbox 1761 3407 1825 3450; x_wconf 91' lang='lat' dir='ltr'><strong>se</strong></span> <span class='ocrx_word' id='word_1_256' title='bbox 1853 3388 1931 3451; x_wconf 92' lang='lat' dir='ltr'><strong>ab</strong></span> <span class='ocrx_word' id='word_1_257' title='bbox 1975 3387 2093 3451; x_wconf 92' lang='lat' dir='ltr'><strong>hoc</strong></span> <span class='ocrx_word' id='word_1_258' title='bbox 2121 3388 2366 3468; x_wconf 88' lang='lat' dir='ltr'><strong>piaculo</strong></span> <span class='ocrx_word' id='word_1_259' title='bbox 2412 3389 2667 3470; x_wconf 90' lang='lat' dir='ltr'><strong>quidam</strong></span> <span class='ocrx_word' id='word_1_260' title='bbox 2698 3392 2946 3472; x_wconf 86' lang='lat' dir='ltr'><strong>putant,</strong></span> 
     </span>
     <span class='ocr_line' id='line_1_31' title="bbox 688 3490 3018 3573; baseline 0.002 -20"><span class='ocrx_word' id='word_1_261' title='bbox 688 3493 794 3573; x_wconf 88' lang='lat' dir='ltr'><strong>qui</strong></span> <span class='ocrx_word' id='word_1_262' title='bbox 839 3490 1101 3557; x_wconf 86' lang='lat' dir='ltr'><strong>fortasse</strong></span> <span class='ocrx_word' id='word_1_263' title='bbox 1149 3508 1370 3555; x_wconf 89' lang='lat' dir='ltr'><strong>aurum</strong></span> <span class='ocrx_word' id='word_1_264' title='bbox 1417 3508 1490 3556; x_wconf 92' lang='lat' dir='ltr'><strong>ac</strong></span> <span class='ocrx_word' id='word_1_265' title='bbox 1545 3490 1877 3555; x_wconf 86' lang='lat' dir='ltr'><strong>facultates</strong></span> <span class='ocrx_word' id='word_1_266' title='bbox 1923 3508 2066 3555; x_wconf 89' lang='lat' dir='ltr'><strong>suas</strong></span> <span class='ocrx_word' id='word_1_267' title='bbox 2110 3493 2175 3556; x_wconf 93' lang='lat' dir='ltr'><strong>in</strong></span> <span class='ocrx_word' id='word_1_268' title='bbox 2221 3492 2386 3556; x_wconf 88' lang='lat' dir='ltr'><strong>terra</strong></span> <span class='ocrx_word' id='word_1_269' title='bbox 2432 3510 2557 3556; x_wconf 90' lang='lat' dir='ltr'><strong>non</strong></span> <span class='ocrx_word' id='word_1_270' title='bbox 2602 3492 2839 3557; x_wconf 91' lang='lat' dir='ltr'><strong>habent</strong></span> <span class='ocrx_word' id='word_1_271' title='bbox 2884 3498 3018 3558; x_wconf 75' lang='lat' dir='ltr'><strong>etso</strong></span> 
     </span>
    </p>
   </div>
   <div class='ocr_carea' id='block_1_3' title="bbox 842 3660 1972 3726">
    <p class='ocr_par' dir='ltr' id='par_1_6' title="bbox 842 3660 1972 3726">
     <span class='ocr_line' id='line_1_32' title="bbox 842 3660 1972 3726; baseline 0 -13"><span class='ocrx_word' id='word_1_272' title='bbox 842 3679 847 3684; x_wconf 91' lang='lat'><em>·</em></span> <span class='ocrx_word' id='word_1_273' title='bbox 888 3660 923 3713; x_wconf 91' lang='lat'><strong>3</strong></span> <span class='ocrx_word' id='word_1_274' title='bbox 959 3661 1080 3716; x_wconf 82' lang='lat' dir='ltr'><strong>Act.</strong></span> <span class='ocrx_word' id='word_1_275' title='bbox 1113 3661 1164 3726; x_wconf 86' lang='lat'><strong>4,</strong></span> <span class='ocrx_word' id='word_1_276' title='bbox 1201 3661 1270 3714; x_wconf 83' lang='lat'><strong>32</strong></span> <span class='ocrx_word' id='word_1_277' title='bbox 1478 3661 1544 3714; x_wconf 90' lang='grc'><strong>18</strong></span> <span class='ocrx_word' id='word_1_278' title='bbox 1580 3660 1779 3714; x_wconf 86' lang='lat' dir='ltr'><strong>Matth.</strong></span> <span class='ocrx_word' id='word_1_279' title='bbox 1821 3662 1902 3726; x_wconf 89' lang='lat'><strong>16,</strong></span> <span class='ocrx_word' id='word_1_280' title='bbox 1937 3661 1972 3713; x_wconf 83' lang='lat'><strong>2</strong></span> 
     </span>
    </p>
   </div>
   <div class='ocr_carea' id='block_1_4' title="bbox 681 3812 2952 4301">
    <p class='ocr_par' dir='ltr' id='par_1_7' title="bbox 683 3812 2951 4064">
     <span class='ocr_line' id='line_1_33' title="bbox 790 3812 2951 3885; baseline 0 -18"><span class='ocrx_word' id='word_1_281' title='bbox 790 3816 816 3867; x_wconf 88' lang='lat'>1</span> <span class='ocrx_word' id='word_1_282' title='bbox 867 3815 1059 3883; x_wconf 75' lang='lat' dir='ltr'><strong>eximie</strong></span> <span class='ocrx_word' id='word_1_283' title='bbox 1104 3813 1274 3883; x_wconf 78' lang='lat' dir='ltr'><strong>forme</strong></span> <span class='ocrx_word' id='word_1_284' title='bbox 1314 3817 1410 3882; x_wconf 73' lang='lat' dir='ltr'><strong>tue</strong></span> <span class='ocrx_word' id='word_1_285' title='bbox 1458 3814 1514 3868; x_wconf 99' lang='grc' dir='ltr'><strong><em>Β</em></strong></span> <span class='ocrx_word' id='word_1_286' title='bbox 1704 3814 1754 3867; x_wconf 77' lang='grc'><strong>’2</strong></span> <span class='ocrx_word' id='word_1_287' title='bbox 1799 3812 2104 3868; x_wconf 83' lang='lat' dir='ltr'><strong>diuinorum</strong></span> <span class='ocrx_word' id='word_1_288' title='bbox 2152 3816 2383 3885; x_wconf 86' lang='lat' dir='ltr'><strong>apicum]</strong></span> <span class='ocrx_word' id='word_1_289' title='bbox 2431 3816 2538 3870; x_wconf 78' lang='lat' dir='ltr'><strong>hoe.</strong></span> <span class='ocrx_word' id='word_1_290' title='bbox 2575 3816 2700 3870; x_wconf 53' lang='lat' dir='ltr'><strong>loco*</strong></span> <span class='ocrx_word' id='word_1_291' title='bbox 2742 3817 2951 3885; x_wconf 70' lang='lat' dir='ltr'><strong>eyreyie</strong></span> 
     </span>
     <span class='ocr_line' id='line_1_34' title="bbox 683 3899 2950 3970; baseline 0 -17"><span class='ocrx_word' id='word_1_292' title='bbox 683 3899 922 3966; x_wconf 75' lang='lat' dir='ltr'><strong>fulcitur</strong></span> <span class='ocrx_word' id='word_1_293' title='bbox 968 3900 1220 3956; x_wconf 62' lang='lat' dir='ltr'><strong>Han-teliz·</strong></span> <span class='ocrx_word' id='word_1_294' title='bbox 1271 3900 1597 3955; x_wconf 71' lang='lat' dir='ltr'><strong>coniectum</strong></span> <span class='ocrx_word' id='word_1_295' title='bbox 1639 3899 1709 3953; x_wconf 82' lang='lat' dir='ltr'><strong>de</strong></span> <span class='ocrx_word' id='word_1_296' title='bbox 1750 3900 1872 3970; x_wconf 77' lang='lat' dir='ltr'><strong>yub.</strong></span> <span class='ocrx_word' id='word_1_297' title='bbox 1920 3899 2067 3955; x_wconf 67' lang='lat'><strong>143</strong></span> <span class='ocrx_word' id='word_1_298' title='bbox 2116 3917 2187 3956; x_wconf 76' lang='lat' dir='ltr'><strong>ex</strong></span> <span class='ocrx_word' id='word_1_299' title='bbox 2231 3917 2343 3970; x_wconf 77' lang='lat' dir='ltr'><strong>qua</strong></span> <span class='ocrx_word' id='word_1_300' title='bbox 2385 3902 2559 3970; x_wconf 77' lang='lat' dir='ltr'><strong>apices</strong></span> <span class='ocrx_word' id='word_1_301' title='bbox 2597 3917 2701 3970; x_wconf 80' lang='lat' dir='ltr'><strong>pro</strong></span> <span class='ocrx_word' id='word_1_302' title='bbox 2739 3901 2950 3970; x_wconf 85' lang='lat' dir='ltr'><strong>rupices</strong></span> 
     </span>
     <span class='ocr_line' id='line_1_35' title="bbox 683 3986 2882 4064; baseline 0.001 -25"><span class='ocrx_word' id='word_1_303' title='bbox 683 3986 1004 4053; x_wconf 73' lang='lat' dir='ltr'><strong>scripsimus</strong></span> <span class='ocrx_word' id='word_1_304' title='bbox 1141 4021 1147 4026; x_wconf 87' lang='lat'>-</span> <span class='ocrx_word' id='word_1_305' title='bbox 1206 3986 1243 4040; x_wconf 88' lang='lat'>4</span> <span class='ocrx_word' id='word_1_306' title='bbox 1270 3993 1402 4055; x_wconf 78' lang='lat' dir='ltr'><strong>post</strong></span> <span class='ocrx_word' id='word_1_307' title='bbox 1437 4001 1524 4040; x_wconf 91' lang='lat' dir='ltr'><strong>cor</strong></span> <span class='ocrx_word' id='word_1_308' title='bbox 1557 3986 1613 4039; x_wconf 99' lang='lat' dir='ltr'><strong><em>A</em></strong></span> <span class='ocrx_word' id='word_1_309' title='bbox 1647 3986 1715 4039; x_wconf 76' lang='lat' dir='ltr'><strong>in</strong></span> <span class='ocrx_word' id='word_1_310' title='bbox 1748 4001 1852 4055; x_wconf 75' lang='lat' dir='ltr'><strong>my.</strong></span> <span class='ocrx_word' id='word_1_311' title='bbox 1886 4003 1956 4064; x_wconf 76' lang='lat' dir='ltr'><strong>m.</strong></span> <span class='ocrx_word' id='word_1_312' title='bbox 1990 3989 2032 4041; x_wconf 80' lang='lat'><strong><em>2</em></strong></span> <span class='ocrx_word' id='word_1_313' title='bbox 2066 4002 2260 4051; x_wconf 89' lang='lat' dir='ltr'><strong>unum,</strong></span> <span class='ocrx_word' id='word_1_314' title='bbox 2297 3988 2457 4056; x_wconf 73' lang='lat' dir='ltr'><strong>¹quod</strong></span> <span class='ocrx_word' id='word_1_315' title='bbox 2491 3994 2545 4042; x_wconf 81' lang='lat' dir='ltr'><strong>et</strong></span> <span class='ocrx_word' id='word_1_316' title='bbox 2570 4004 2616 4056; x_wconf 75' lang='lat' dir='ltr'><strong>p</strong></span> <span class='ocrx_word' id='word_1_317' title='bbox 2650 3987 2812 4042; x_wconf 78' lang='lat' dir='ltr'><strong>habet</strong></span> <span class='ocrx_word' id='word_1_318' title='bbox 2875 4029 2882 4034; x_wconf 83' lang='lat'><strong>.</strong></span> 
     </span>
    </p>

    <p class='ocr_par' dir='ltr' id='par_1_8' title="bbox 681 4072 2952 4301">
     <span class='ocr_line' id='line_1_36' title="bbox 685 4072 2952 4143; baseline 0.002 -18"><span class='ocrx_word' id='word_1_319' title='bbox 685 4072 718 4125; x_wconf 90' lang='grc'>9</span> <span class='ocrx_word' id='word_1_320' title='bbox 753 4072 1103 4141; x_wconf 87' lang='lat' dir='ltr'><strong>propulisque</strong></span> <span class='ocrx_word' id='word_1_321' title='bbox 1135 4089 1177 4127; x_wconf 86' lang='lat' dir='ltr'><strong>s.</strong></span> <span class='ocrx_word' id='word_1_322' title='bbox 1214 4090 1250 4127; x_wconf 94' lang='lat' dir='ltr'><strong>u</strong></span> <span class='ocrx_word' id='word_1_323' title='bbox 1283 4088 1389 4129; x_wconf 82' lang='lat' dir='ltr'><strong>scr.</strong></span> <span class='ocrx_word' id='word_1_324' title='bbox 1425 4089 1456 4127; x_wconf 94' lang='lat' dir='ltr'><strong>o</strong></span> <span class='ocrx_word' id='word_1_325' title='bbox 1491 4089 1560 4127; x_wconf 84' lang='lat' dir='ltr'><strong>m.</strong></span> <span class='ocrx_word' id='word_1_326' title='bbox 1585 4073 1626 4125; x_wconf 80' lang='lat'><strong><em>2</em></strong></span> <span class='ocrx_word' id='word_1_327' title='bbox 1660 4072 1774 4126; x_wconf 87' lang='lat' dir='ltr'><strong>AB</strong></span> <span class='ocrx_word' id='word_1_328' title='bbox 1996 4074 2062 4128; x_wconf 87' lang='grc'><strong>13</strong></span> <span class='ocrx_word' id='word_1_329' title='bbox 2098 4074 2356 4128; x_wconf 84' lang='lat' dir='ltr'><strong>luctuosis</strong></span> <span class='ocrx_word' id='word_1_330' title='bbox 2392 4073 2514 4143; x_wconf 76' lang='lat' dir='ltr'><strong>(sic)</strong></span> <span class='ocrx_word' id='word_1_331' title='bbox 2549 4074 2605 4129; x_wconf 89' lang='lat' dir='ltr'><em>B</em></span> <span class='ocrx_word' id='word_1_332' title='bbox 2639 4074 2736 4129; x_wconf 79' lang='lat' dir='ltr'><strong>sed</strong></span> <span class='ocrx_word' id='word_1_333' title='bbox 2768 4074 2845 4127; x_wconf 88' lang='lat' dir='ltr'><strong>sis</strong></span> <span class='ocrx_word' id='word_1_334' title='bbox 2881 4090 2952 4129; x_wconf 79' lang='lat' dir='ltr'><strong>m.</strong></span> 
     </span>
     <span class='ocr_line' id='line_1_37' title="bbox 681 4159 2947 4228; baseline 0 -16"><span class='ocrx_word' id='word_1_335' title='bbox 681 4174 789 4212; x_wconf 80' lang='lat' dir='ltr'><strong>rec.</strong></span> <span class='ocrx_word' id='word_1_336' title='bbox 990 4159 1056 4213; x_wconf 90' lang='lat'><strong>16</strong></span> <span class='ocrx_word' id='word_1_337' title='bbox 1092 4160 1334 4228; x_wconf 87' lang='lat' dir='ltr'><strong>specibus</strong></span> <span class='ocrx_word' id='word_1_338' title='bbox 1367 4175 1411 4213; x_wconf 89' lang='lat' dir='ltr'><strong>s.</strong></span> <span class='ocrx_word' id='word_1_339' title='bbox 1448 4159 1469 4212; x_wconf 92' lang='lat' dir='ltr'><strong>i</strong></span> <span class='ocrx_word' id='word_1_340' title='bbox 1503 4174 1608 4212; x_wconf 83' lang='lat' dir='ltr'><strong>scr.</strong></span> <span class='ocrx_word' id='word_1_341' title='bbox 1646 4174 1684 4211; x_wconf 90' lang='lat' dir='ltr'><strong>u</strong></span> <span class='ocrx_word' id='word_1_342' title='bbox 1715 4174 1786 4213; x_wconf 87' lang='lat' dir='ltr'><strong>m.</strong></span> <span class='ocrx_word' id='word_1_343' title='bbox 1822 4161 1863 4213; x_wconf 76' lang='lat'><strong><em>2</em></strong></span> <span class='ocrx_word' id='word_1_344' title='bbox 1896 4160 1952 4214; x_wconf 87' lang='lat' dir='ltr'><strong><em>A</em></strong></span> <span class='ocrx_word' id='word_1_345' title='bbox 2140 4159 2211 4213; x_wconf 81' lang='lat'><strong>24</strong></span> <span class='ocrx_word' id='word_1_346' title='bbox 2245 4165 2309 4215; x_wconf 84' lang='lat' dir='ltr'><strong>ut</strong></span> <span class='ocrx_word' id='word_1_347' title='bbox 2343 4161 2425 4215; x_wconf 77' lang='lat' dir='ltr'><strong>A:</strong></span> <span class='ocrx_word' id='word_1_348' title='bbox 2473 4162 2542 4215; x_wconf 88' lang='lat' dir='ltr'><strong>ad</strong></span> <span class='ocrx_word' id='word_1_349' title='bbox 2576 4161 2633 4214; x_wconf 92' lang='grc' dir='ltr'><strong><em>Β</em></strong></span> <span class='ocrx_word' id='word_1_350' title='bbox 2824 4161 2873 4215; x_wconf 77' lang='lat'>&amp;</span> <span class='ocrx_word' id='word_1_351' title='bbox 2906 4175 2947 4214; x_wconf 89' lang='lat' dir='ltr'><strong>s.</strong></span> 
     </span>
     <span class='ocr_line' id='line_1_38' title="bbox 681 4243 2505 4301; baseline 0.002 -3"><span class='ocrx_word' id='word_1_352' title='bbox 681 4260 789 4299; x_wconf 85' lang='lat' dir='ltr'><strong>scr.</strong></span> <span class='ocrx_word' id='word_1_353' title='bbox 825 4260 892 4298; x_wconf 88' lang='lat' dir='ltr'><strong>m.</strong></span> <span class='ocrx_word' id='word_1_354' title='bbox 930 4248 968 4299; x_wconf 82' lang='lat'><strong><em>2</em></strong></span> <span class='ocrx_word' id='word_1_355' title='bbox 1002 4247 1065 4298; x_wconf 91' lang='lat' dir='ltr'><strong>ut</strong></span> <span class='ocrx_word' id='word_1_356' title='bbox 1099 4245 1155 4297; x_wconf 87' lang='lat' dir='ltr'><strong><em>A</em></strong></span> <span class='ocrx_word' id='word_1_357' title='bbox 1359 4244 1428 4298; x_wconf 82' lang='lat'><strong>29</strong></span> <span class='ocrx_word' id='word_1_358' title='bbox 1465 4243 1705 4297; x_wconf 89' lang='lat' dir='ltr'><strong>immune</strong></span> <span class='ocrx_word' id='word_1_359' title='bbox 1739 4258 1850 4298; x_wconf 85' lang='lat' dir='ltr'><strong>esse</strong></span> <span class='ocrx_word' id='word_1_360' title='bbox 1884 4247 1941 4300; x_wconf 93' lang='grc' dir='ltr'><strong><em>Β</em></strong></span> <span class='ocrx_word' id='word_1_361' title='bbox 2144 4245 2215 4298; x_wconf 86' lang='grc'><strong>30</strong></span> <span class='ocrx_word' id='word_1_362' title='bbox 2250 4246 2415 4300; x_wconf 85' lang='lat' dir='ltr'><strong>habet</strong></span> <span class='ocrx_word' id='word_1_363' title='bbox 2450 4247 2505 4301; x_wconf 96' lang='grc' dir='ltr'><strong><em>Β</em></strong></span> 
     </span>
    </p>
   </div>
  </div>
 </body>
</html>
