3380 4919
708 311 836 378 180
1671 309 1988 364 Saluiani

703 499 886 579 tinet,
935 500 1070 584 quis
1114 500 1179 564 in
1224 499 1334 565 illo
1379 517 1635 565 numero
1679 499 1812 564 tam
1865 498 2188 564 innumero
2233 500 2435 564 castus
2482 499 2650 566 fuit?
2715 504 2955 567 castum

703 602 889 668 dico?
931 605 1069 686 quis
1112 620 1236 668 non
1279 602 1653 668 fornicarius
1701 619 1817 667 non
1868 603 2130 681 adulter,
2179 603 2245 668 et
2288 602 2403 668 hoc
2440 603 2574 668 sine
2607 605 2954 670 cessatione

700 707 833 771 sine
877 705 1194 771 termino?
1239 724 1487 771 rursum
1518 705 1838 771 clamitem
1869 706 2081 788 itaque
2116 724 2365 772 necesse
2411 708 2542 771 est:
2609 726 2767 790 quae
2813 726 2953 790 spes

701 809 765 873 in
807 808 919 873 illo
976 809 1202 891 populo
1258 826 1388 874 esse
1443 809 1703 890 poterat,
1765 808 1874 874 ubi
1932 827 2075 873 cum
2132 827 2291 874 unus
2349 809 2664 874 interdum
2710 811 2955 876 adulter

698 910 947 993 plebem
993 910 1476 977 ecclesiasticam
1520 912 1781 996 polluat,
1829 912 1915 977 ibi
1961 912 2131 977 inter
2175 912 2288 978 illa
2318 914 2413 977 tot
2458 913 2653 991 milia,
2701 913 2757 977 si
2804 913 2953 978 dili·
2999 936 3027 976 ⁵

698 1013 1059 1097 gentissime
1127 1033 1478 1097 quaereres,
1552 1016 1798 1079 eastum
1863 1014 1967 1079 uel
2036 1015 2100 1079 in
2169 1015 2429 1081 ecclesia
2497 1016 2779 1082 inuenire
2848 1018 2954 1081 uix

596 1125 679 1191 76
698 1134 925 1199 posses,
1000 1118 1139 1201 plus
1207 1120 1405 1183 multo
1475 1119 1699 1183 dicam.
1775 1117 2018 1182 utinam
2086 1117 2235 1183 haec
2300 1119 2504 1183 essent
2572 1120 2719 1196 sola,
2798 1138 2953 1202 quae

699 1220 989 1301 diximus,
1039 1223 1104 1285 et
1147 1222 1440 1286 contenta
1482 1221 1615 1287 illic
1657 1220 1935 1286 uirorum
1967 1221 2299 1302 impuritas
2330 1222 2552 1286 fuisset
2582 1221 2727 1286 solis
2759 1222 2953 1287 sordi-

698 1324 916 1389 darum
974 1323 1310 1388 mulierum
1371 1323 1889 1389 fornicationibus
1949 1322 2287 1405 inquinari.
2364 1325 2527 1389 illud
2588 1325 2842 1407 grauius
2889 1327 2954 1388 et

697 1426 1038 1509 scelestius»,
1099 1428 1259 1508 quod
1317 1426 1450 1505 illa,
1514 1427 1590 1490 de
1635 1427 1858 1508 quibus
1904 1427 2119 1491 beatus
2164 1426 2480 1509 apostolus
2527 1426 2760 1491 Paulus
2808 1444 2952 1491 cum
2972 1455 3026 1495 10

697 1549 944 1595 summa
988 1531 1181 1595 animi
1225 1530 1673 1596 lamentatione
1720 1531 2133 1612 conqueritur,
2179 1530 2246 1593 in
2292 1529 2458 1593 Afris
2503 1547 2697 1611 paene
2742 1528 2953 1593 omnia

698 1633 984 1698 fuerunt:
1052 1633 1290 1698 scilicet
1357 1635 1504 1716 quia
1573 1635 1838 1698 masculi
1904 1632 2121 1697 relicto
2179 1632 2449 1697 naturali
2510 1651 2626 1698 usu
2681 1632 2952 1697 feminae

697 1739 1060 1801 exarserunt
1102 1740 1165 1801 in
1211 1736 1534 1802 desideriis
1581 1738 1712 1801 suis
1758 1736 1825 1800 in
1878 1736 2175 1813 inuicem,
2223 1737 2486 1802 masculi
2530 1735 2597 1798 in
2644 1735 2951 1800 masculos

698 1838 1154 1919 turpitudinem
1210 1842 1564 1904 exercentes
1623 1840 1687 1903 et
1745 1839 2093 1903 mercedem
2151 1855 2338 1919 quam
2398 1838 2672 1920 oportuit
2726 1837 2949 1902 erroris

595 1947 675 2012 77
696 1942 792 2005 sui
833 1943 899 2006 in
942 1943 1307 2023 semetipsos
1353 1941 1746 2024 recipientes.
1818 1942 1884 2006 et
1929 1941 2088 2007 sicut
2133 1961 2256 2007 non
2299 1944 2718 2027 probauerunt
2762 1940 2947 2004 deum
2970 1968 3022 2008 1⁵

694 2042 920 2109 habere
964 2045 1032 2108 in
1075 2043 1322 2123 notitia,
1369 2046 1628 2111 tradidit
1671 2044 1817 2110 illos
1864 2045 2013 2110 deus
2058 2047 2126 2110 in
2170 2045 2506 2128 reprobum
2552 2063 2829 2122 sensum,
2878 2045 2949 2106 ut

695 2146 928 2213 faciant
974 2165 1132 2229 quae
1176 2166 1298 2213 non
1341 2148 1653 2213 conuenit.
1732 2149 2035 2232 numquid
2081 2149 2197 2215 hoc
2241 2149 2464 2214 beatus
2512 2147 2828 2231 apostolus
2876 2147 2953 2210 de

695 2249 975 2316 barbaris
1031 2268 1104 2316 ac
1160 2249 1308 2316 feris
1367 2253 1658 2334 gentibus
1716 2252 1919 2318 dixit?
1991 2271 2110 2317 non
2167 2253 2401 2336 utique,
2471 2254 2577 2316 sed
2631 2253 2705 2317 de
2750 2248 2948 2327 nobis,

694 2353 760 2419 id
805 2356 898 2418 est
941 2355 1288 2438 specialiter
1333 2355 1406 2421 de
1451 2355 1787 2421 Romanis:
1836 2374 1986 2438 quos
2034 2355 2283 2438 quidem
2314 2353 2478 2433 Afri,
2526 2354 2671 2436 quia
2718 2371 2950 2435 nequa-

695 2476 883 2539 quam
950 2456 1104 2523 olim
1169 2458 1418 2524 uincere
1476 2457 1740 2541 imperio
1784 2476 1855 2523 ac
1899 2457 2291 2523 sublimitate
2359 2457 2716 2535 ualuerunt,
2788 2455 3023 2538 quodso

693 2563 1030 2643 potuerunt
1087 2580 1302 2639 unum,
1367 2561 1738 2643 impuritate
1794 2561 2102 2626 uicerunt.
2180 2562 2551 2644 quicumque
2610 2579 2755 2643 ergo
2810 2558 2948 2624 iure

695 2683 761 2728 se
818 2664 977 2728 mihi
1031 2665 1215 2729 irasci
1272 2667 1456 2745 putat
1509 2664 1714 2747 magis
1773 2666 2048 2745 apostolo
2106 2665 2433 2742 irascatur,
2493 2662 2737 2729 scilicet
2783 2662 2946 2745 quia,

695 2766 858 2848 quod
902 2768 1163 2833 dicimus
1210 2782 1318 2834 nos
1376 2767 1568 2831 fuisse
1610 2765 1818 2848 Afros,
1882 2768 1995 2832 hoc
2052 2767 2160 2831 ille
2205 2768 2363 2833 dixit
2408 2767 2689 2832 dominos
2734 2784 2946 2830 eorum

695 2888 825 2934 esse
878 2869 1206 2936 Romanos,

592 2977 674 3043 78
778 2971 1017 3036 XVIII.
1087 2971 1206 3037 Sed
1251 2971 1411 3037 sorte
1458 2970 1520 3038 id
1534 2972 1668 3037 <uel
1714 2971 2028 3038 occultum
2074 2972 2236 3055 quod
2283 2972 2596 3054 loquimur
2640 2974 2791 3049 erat,
2839 2970 2948 3035 aut
2970 3000 3024 3041 25

693 3074 905 3139 saltim
935 3074 1054 3138 hoc
1084 3074 1492 3156 prouidebant
1517 3076 1947 3156 procuratores
1977 3074 2261 3156 publicae
2291 3075 2521 3157 passim
2555 3072 2940 3155 disciplinae,

902 3234 966 3288 10
1012 3234 1161 3289 Rom.
1199 3235 1247 3299 1,
1283 3235 1365 3289 27.
1401 3236 1470 3289 28

795 3383 826 3436 1
871 3382 965 3452 qui
1009 3385 1066 3437 A
1269 3383 1306 3437 4
1351 3383 1418 3437 de
1451 3382 1544 3436 ubi
1582 3384 1652 3451 cf.
1688 3383 1929 3439 indicem
1966 3382 2081 3437 ΙΙΙ
2082 3403 2103 3451 ,·
2156 3382 2253 3436 sed
2284 3382 2413 3449 fort.
2450 3396 2679 3450 sequens
2713 3380 2792 3434 ibi
2830 3378 2948 3447 (ubi

696 3470 805 3536 Tv)
839 3470 973 3524 inde
1009 3474 1188 3524 m'tum
1223 3474 1275 3524 et
1309 3469 1597 3523 delendum
1632 3474 1713 3523 est
1933 3468 1968 3522 5
2002 3469 2099 3522 illa
2135 3467 2278 3536 quod
2314 3473 2391 3522 est
2423 3467 2487 3521 in
2521 3468 2576 3521 A
2610 3482 2725 3522 non
2759 3465 2950 3520 adnot.

689 3556 977 3610 Halmius.-
1029 3572 1128 3610 om.
1167 3556 1222 3609 B
1257 3560 1310 3610 et
1344 3572 1466 3609 eum
1501 3555 1622 3610 edd.
1661 3555 1927 3609 Halmius
2134 3554 2167 3607 6
2209 3554 2475 3623 quaereris
2523 3553 2618 3608 sed
2652 3569 2711 3607 re
2748 3557 2944 3620 punct.

689 3644 771 3707 A,
815 3642 964 3696 idem
996 3644 1183 3698 statim
1216 3642 1415 3711 possis;
1447 3643 1576 3710 fort.
1610 3643 1768 3697 scrib.
1802 3641 1920 3708 fwit
1952 3640 2502 3710 quaesieris—possis
2682 3639 2717 3692 8
2752 3637 2944 3691 fuisset

690 3728 804 3781 sola
839 3729 998 3796 B(T)
1193 3728 1258 3782 11
1297 3728 1634 3797 conqueritur
1671 3742 1739 3781 ex
1774 3726 2011 3795 conquir.
2048 3726 2104 3779 A
2141 3741 2279 3781 corr.
2318 3742 2385 3779 m.
2426 3728 2467 3779 2
2666 3724 2730 3779 13
2767 3724 2823 3778 ἰιι
2859 3722 2942 3775 in-

689 3812 861 3868 uicem
896 3819 1118 3881 praeter
1152 3813 1205 3866 B
1240 3814 1403 3868 etiam
1438 3814 1493 3868 A
1528 3813 1811 3880 (Halmius
1846 3812 1978 3866 adn.
2014 3811 2289 3878 inuicem):
2350 3812 2579 3865 inuicem
2619 3811 2669 3865 Τ
2682 3809 2950 3865 Halmius

691 3898 759 3965 cf.
784 3897 1004 3953 Rdnsch
1029 3899 1183 3953 Itala
1207 3904 1258 3954 et
1289 3899 1443 3969 Vulq.
1470 3916 1524 3967 p.
1549 3901 1658 3954 233
1849 3898 1914 3952 16
1949 3898 2007 3951 in
2042 3898 2240 3952 notitia
2274 3897 2470 3951 habere
2505 3899 2558 3950 A
2593 3897 2689 3951 sed
2722 3896 2944 3951 adiecta

690 3989 821 4038 sumt
853 3987 1296 4054 transpositionis
1329 3987 1491 4056 siqua
1696 3985 1763 4038 21
1799 3985 2081 4040 uincerunt
2115 3985 2211 4040 sed
2246 4002 2283 4039 ιι
2313 3985 2506 4053 priore
2524 3988 2715 4053 punct.
2752 3985 2808 4037 A

688 4071 757 4124 23
803 4069 1044 4125 dominos
1091 4088 1158 4127 ex
1204 4072 1450 4127 dominus
1495 4072 1549 4126 A
1583 4087 1723 4126 corr.
1760 4087 1827 4125 m.
1867 4074 1907 4124 2
2111 4072 2177 4126 25
2225 4072 2336 4141 aut]
2382 4074 2449 4126 ut
2484 4070 2598 4141 (uel
2634 4072 2715 4138 ac)
2751 4070 2807 4123 B

689 4156 758 4210 26
792 4156 893 4211 hoc
929 4157 984 4211 B
1018 4174 1062 4212 s,
1098 4159 1134 4213 l.
1341 4157 1553 4227 publice
1589 4157 1788 4226 passim
1824 4156 2138 4226 disciplinae
2173 4173 2238 4213 ne
2273 4158 2388 4226 (sed
2420 4172 2485 4212 ne
2519 4173 2562 4212 s.
2595 4149 2630 4213 ϊ·.
2667 4173 2733 4211 m.
2762 4156 2821 4225 2)
2858 4156 2912 4210 A
2929 4175 2947 4209 2v

689 4258 756 4297 ne
789 4242 1034 4312 publicae
1071 4243 1270 4313 passim
1307 4243 1627 4313 disciplinae
1664 4244 1720 4298 B
