3380 4919
1156 330 1233 383 de
1269 327 1541 399 gubern.
1575 329 1681 383 dei
1719 329 1794 384 VI
1830 335 1859 394 ξ
1892 330 2114 385 45-52.
2640 331 2762 398 139

512 522 1265 602 concupiscendum,
1310 537 1486 584 reus
1518 520 1636 583 est
1680 519 2064 584 adulterii
2107 522 2336 585 corde
2381 521 2759 602 concepti,

508 623 870 708 intellegere
932 639 1259 706 possumus
1316 622 1499 705 quod,
1557 621 1808 687 etiamsi
1862 640 1960 687 res
2003 624 2216 705 turpes
2261 625 2449 704 atque
2495 625 2759 689 damna-

507 725 664 793 biles
726 725 1090 791 necessitate
1137 743 1259 790 non
1308 725 1575 809 agimus,
1633 744 1744 808 pro
1788 724 1927 808 ipsa
1971 725 2178 790 tamen
2223 743 2432 789 rerum
2477 725 2758 807 turpium

505 830 836 895 uoluntate
904 829 1289 894 damnamur.
1367 834 1430 894 ot
1496 828 1645 911 quid
1712 829 1912 894 dicam
1971 828 2047 895 de
2105 827 2473 894 uoluntate?
2545 846 2757 894 omnes

441 932 658 998 -shaec
697 932 921 1012 ferme,
969 950 1111 997 cum
1154 934 1431 1014 possunt,
1491 932 1711 1014 agunt.
1789 932 2050 1014 denique
2097 931 2431 996 cuiuslibet
2477 930 2756 996 ciuitatis

503 1037 736 1101 incolae
780 1036 1148 1101 Rauennam
1205 1039 1313 1100 aut
1357 1034 1625 1099 Romam
1678 1035 1977 1114 uenerint,
2038 1053 2183 1117 pars
2238 1036 2388 1099 sunt
2443 1036 2757 1102 Romanae

503 1139 702 1221 plebis
759 1138 828 1204 in
884 1138 1042 1204 circo
1107 1156 1251 1220 pars
1319 1139 1465 1204 sunt
1530 1138 1745 1222 populi
1788 1138 2175 1203 Rauennatis
2231 1138 2297 1202 in
2343 1138 2605 1204 theatro.
2683 1155 2756 1203 ac

502 1261 612 1325 per
666 1241 784 1306 hoc
841 1259 1021 1307 nemo
1068 1259 1134 1307 se
1189 1241 1325 1306 loco
1382 1244 1493 1306 aut
1536 1240 1821 1306 absentia
1865 1243 2226 1304 excusatum
2273 1240 2470 1321 putet.
2543 1257 2755 1305 omnes

506 1343 895 1426 turpitudine
939 1361 1147 1409 rerum
1193 1360 1389 1408 unum
1431 1345 1598 1424 sunt,
1647 1341 1754 1424 qui
1786 1341 1906 1407 sibi
1951 1361 2162 1406 rerum
2208 1342 2488 1424 turpium
2535 1344 2754 1409 uolun-

437 1472 487 1512 ιο
504 1449 636 1513 tate
713 1446 1048 1511 sociantur.
1139 1449 1203 1510 et
1276 1444 1640 1509 blandimur
1715 1444 1891 1509 nobis
1965 1445 2217 1528 insuper
2292 1445 2365 1509 de
2440 1445 2755 1527 probitate

502 1568 747 1615 morum
790 1549 1150 1614 blandimur
1183 1548 1257 1612 de
1302 1546 1768 1629 turpitudinum
1812 1546 2090 1612 raritate.
2153 1565 2265 1629 ego
2295 1547 2563 1629 amplius
2594 1545 2862 1626 dico,50

504 1671 625 1718 non
669 1654 874 1718 solum
918 1651 1021 1735 agi
1065 1669 1234 1716 nunc
1289 1650 1436 1715 illas
1503 1649 1887 1715 ludicrorum
1948 1648 2276 1715 infamium
2332 1650 2526 1735 labes,
2596 1670 2754 1735 quae

503 1757 674 1839 prius
719 1759 896 1822 actae
940 1758 1107 1831 sunt,
1153 1756 1259 1819 sed
1306 1754 1698 1820 criminosius
1744 1754 1946 1819 multo
1981 1753 2084 1837 agi
2130 1772 2314 1836 quam
2360 1755 2533 1838 prius
2580 1759 2753 1821 actae

503 1863 664 1924 sunt.
742 1860 892 1924 tunc
961 1857 1129 1923 enim
1197 1860 1446 1941 integra
1510 1858 1778 1924 Romani
1845 1857 2012 1922 orbis
2081 1858 2361 1922 membra
2425 1857 2753 1938 florebant,

439 1983 486 2023 15
504 1966 773 2044 angusta
818 1981 944 2027 esse
990 1960 1210 2027 horrea
1253 1962 1537 2043 publicae
1583 1979 1727 2044 opes
1761 1960 2055 2038 fecerant,
2102 1962 2471 2026 cunctarum
2499 1961 2754 2027 urbium

505 2065 672 2129 ciues
747 2064 989 2129 diuitiis
1050 2082 1121 2128 ac
1181 2064 1419 2129 deliciis
1495 2063 1861 2141 affluebant,
1939 2068 2043 2129 uix
2115 2065 2362 2147 poterat
2434 2065 2753 2148 religionis

502 2167 834 2233 auctoritas
899 2168 1063 2233 inter
1129 2169 1372 2232 tantam
1442 2187 1652 2232 rerum
1711 2167 2182 2233 exuberantiam
2239 2186 2484 2232 morum
2542 2169 2752 2233 tenere

503 2289 848 2337 censuram.
910 2270 1327 2353 pascebantur
1371 2271 1624 2353 quidem
1670 2273 1824 2336 tunc
1868 2272 2108 2352 passim
2152 2273 2216 2336 in
2261 2270 2412 2335 locis
2457 2271 2750 2351 plurimis
2769 2263 2870 2340 51χ

502 2375 738 2439 actores
786 2374 1067 2455 turpium
1111 2374 1531 2456 uoluptatum,
1578 2375 1687 2438 sed
1719 2376 1903 2455 plena
1931 2391 2003 2438 ac
2047 2372 2274 2437 referta
2305 2374 2513 2439 omnia
2543 2378 2749 2439 erant:

433 2497 677 2544 sonemo
744 2484 1030 2561 sumptus
1096 2481 1183 2543 rei
1238 2477 1528 2560 publicae
1585 2479 1899 2562 cogitabat
1963 2497 2142 2544 nemo
2200 2477 2541 2560 dispendia,
2604 2480 2751 2560 quia

496 2600 617 2646 non
687 2581 1071 2646 sentiebatur
1144 2600 1424 2664 expensa.
1517 2580 1858 2664 quaerebat
1932 2563 2382 2663 (luodammodo
2448 2580 2586 2663 ipsa
2655 2600 2751 2645 res

496 2684 744 2767 publica
806 2684 917 2750 ubi
979 2685 1282 2766 perderet,
1354 2684 1515 2766 quod
1574 2685 1821 2766 penitus
1878 2685 2008 2749 iam
2052 2685 2323 2766 recipere
2369 2687 2472 2749 uix
2516 2689 2744 2768 posset.

497 2787 559 2851 et
600 2786 740 2852 ideo
788 2788 1078 2853 cumulus
1126 2788 1510 2865 diuitiarum,
1571 2788 1679 2869 qui
1735 2787 1867 2854 iam
1911 2787 2039 2852 fere
2085 2789 2339 2853 modum
2387 2791 2745 2868 excesserat,

498 2888 689 2954 etiam
746 2891 814 2954 in
876 2909 977 2955 res
1034 2891 1394 2973 nugatorias
1452 2891 1860 2955 redundabat.
1937 2909 2103 2956 nunc
2160 2893 2370 2956 autem
2430 2894 2575 2975 quid
2622 2892 2749 2957 dici
2766 2886 2854 2951 52

430 2995 748 3075 sspotestP
813 2995 1198 3060 recesserunt
1243 3013 1281 3059 a
1324 2993 1503 3059 nobis
1535 2995 1751 3078 copiae
1780 2997 2023 3060 ueteres
2054 2999 2441 3061 recesserunt
2470 2998 2748 3077 priorum

495 3100 842 3182 temporum
903 3098 1253 3177 facultateS,
1313 3098 1529 3163 miseri
1584 3099 1711 3162 iam
1767 3118 1984 3164 sumus
2042 3103 2105 3163 et
2165 3099 2432 3165 necdum
2477 3115 2746 3180 nugaces

497 3218 626 3265 esse
689 3220 1024 3268 cessamuS.
1104 3219 1369 3283 cumque
1437 3202 1631 3267 etiam
1687 3202 1949 3285 pupillis
2008 3203 2284 3286 prodigis
2342 3202 2543 3267 soleat
2602 3201 2747 3265 sub-

495 3303 706 3369 uenire
750 3310 1100 3389 paupertaS‚
1147 3306 1457 3387 simulque
1487 3307 1560 3370 ut
1591 3305 1957 3372 destiterint
1994 3324 2127 3371 esse
2158 3306 2409 3390 diuiteS‚
2456 3305 2746 3371 desinant

593 3490 626 3543 2
661 3492 825 3558 atque
859 3489 914 3543 Β
948 3506 990 3544 s.
1029 3491 1063 3544 l.
1271 3491 1306 3544 5
1355 3493 1593 3559 aguntur
1640 3490 1697 3543 B
1907 3492 1968 3545 11
2019 3490 2327 3545 blandimur
2363 3490 2516 3544 nobis
2553 3489 2610 3544 Β

496 3573 558 3626 14
591 3573 849 3630 Romanis
882 3576 936 3629 Β
970 3593 1038 3630 m.
1065 3581 1096 3630 1
1303 3577 1452 3630 urbis
1489 3577 1543 3630 A
1752 3577 1816 3630 17
1852 3576 2255 3630 exuberantium
2292 3577 2347 3630 Β
2554 3577 2619 3631 19
2656 3592 2745 3630 au·

493 3660 662 3714 ctores
710 3661 766 3714 Β
968 3662 1036 3717 21
1079 3678 1161 3716 res
1201 3663 1322 3731 ipsa
1359 3662 1574 3731 publica
1617 3662 1671 3715 Β
1876 3662 1945 3716 22
1991 3663 2206 3731 penitus
2242 3663 2336 3732 qui
2371 3664 2482 3718 iam
2516 3662 2614 3717 sed
2646 3662 2748 3718 sub

493 3760 559 3813 qu
595 3747 798 3802 lineola
831 3748 1002 3803 ducta
1036 3765 1103 3804 m.
1130 3751 1170 3803 2
1205 3750 1291 3818 A,·
1340 3749 1435 3819 qui
1468 3749 1612 3803 alud
1643 3749 1828 3803 statim
1854 3755 1985 3818 post
2019 3749 2338 3804 diuitiarum
2373 3752 2435 3804 in
2471 3749 2587 3805 eod.
2625 3750 2743 3806 cod.

492 3831 668 3902 dec8t5
706 3834 932 3889 uidetur
957 3851 1080 3906 erqo
1117 3851 1144 3889 e
1177 3852 1351 3905 marg.
1387 3836 1605 3890 uenisse
1639 3836 1703 3888 in
1738 3835 1913 3890 locum
1948 3850 2062 3891 non
2097 3851 2257 3891 suum
2430 3838 2599 3905 possit
2634 3838 2742 3890 iam

491 3917 580 3970 uix
614 3919 843 3988 recipere
876 3920 933 3974 Β
1123 3919 1193 3974 25
1226 3922 1432 3973 ueteres
1469 3935 1537 3974 cx
1573 3920 1774 3974 ueteris
1809 3921 1866 3974 Α.
1901 3935 2041 3976 corr.
2078 3938 2149 3974 m.
2175 3925 2213 3976 2
2401 3922 2466 3976 27
2504 3923 2743 3993 prodigis

492 4003 763 4074 (prodigus
807 4005 863 4058 A
906 4022 975 4059 m.
1011 4010 1063 4072 1)
1110 4005 1198 4060 uel
1242 4005 1563 4075 prodigiosis
1609 4007 1723 4060 AB
1746 4007 1903 4074 (rell.)
1962 4007 2221 4076 ‘prodigis
2267 4009 2557 4064 Baluzius’
2596 4011 2742 4065 Hal-

490 4091 659 4156 mius,-
694 4092 760 4145 in
793 4107 912 4145 mea
947 4092 1172 4146 Baluzii
1206 4091 1447 4146 editione
1480 4098 1686 4161 quarta
1722 4110 1772 4148 a.
1797 4095 1943 4148 1743
1980 4100 2059 4148 est
2095 4096 2260 4150 ctiam
2290 4098 2465 4166 glossa
2499 4097 2585 4151 uel
2621 4114 2741 4165 pro-

491 4174 715 4245 digiosis
922 4177 990 4231 28
1042 4176 1350 4231 destiterint
1397 4193 1465 4232 cx
1510 4178 1636 4231 dist.
1684 4180 1740 4232 A
1786 4195 1926 4234 corr.
1964 4197 2031 4235 m.
2072 4186 2103 4235 1
2310 4182 2566 4236 desinunt
2618 4183 2745 4237 libri

488 4260 633 4326 ‘fort
674 4262 937 4317 desinant’
975 4263 1250 4328 Halmius,
1287 4263 1432 4331 quod
1467 4265 1709 4331 recipere
1743 4280 1860 4320 non
1896 4265 2151 4322 dubitaui
2283 4272 2308 4286 ‘
