3380 4919
631 311 755 376 112
1559 307 1909 367 .Saluiani

630 498 919 565 honorari
965 502 1037 563 et.
1084 497 1414 563 liberalius
1481 497 1714 580 accipi,
1770 498 1874 579 qui
1919 496 2154 563 fuerint
2198 516 2236 562 a
2280 498 2619 565 maioribus
2686 500 2884 566 missi.

633 601 826 667 estote
870 618 1037 684 ergo,
1100 601 1354 681 diuites,
1420 601 1611 684 primi
1662 600 1732 665 in
1777 599 2166 681 conferendo,
2235 601 2342 684 qui
2388 602 2538 667 estis
2584 603 2776 685 primi
2819 603 2886 668 in

628 703 1036 770 decernendo:
1105 704 1301 769 estote
1345 704 1533 787 primi
1564 703 1643 767 ,in
1687 703 1988 787 largitate
2032 723 2275 784 rerum,
2345 711 2451 787 qui
2495 707 2687 789 primi
2734 707 2886 772 estis

629 807 693 874 in
759 806 1140 873 liberalitate
1205 808 1555 872 uerborum.
1633 806 1743 890 qui
1807 809 1918 873 das
1983 807 2061 873 de
2128 827 2267 873 meo
2338 809 2418 873 da
2484 813 2547 873 et
2613 811 2689 875 de
2758 809 2886 874 tuo.

629 911 883 977 tametsi
925 909 1295 988 rectissime,
1354 910 1631 992 quisquis
1674 909 1787 974 ille
1834 928 1914 992 es,
1974 911 2082 993 qui
2124 910 2292 976 solus
2338 929 2556 993 capere
2601 912 2700 976 uis
2747 929 2887 994 gra·
2934 934 2958 973 5

629 1015 819 1098 tiam,
866 1014 1054 1079 solus
1114 1013 1421 1096 patereris
1476 1031 1826 1096 expensam.
1902 1013 2013 1078 sed
2080 1013 2558 1096 adquiescimus.
2590 1004 2925 1097 pauperes

630 1121 892 1197 uestrae,
939 1116 1192 1194 diuiteS,
1223 1116 1557 1182 uoluntati.
1594 1116 1771 1198 quod
1801 1117 1983 1198 pauci
2022 1116 2253 1182 iubetis
2288 1116 2608 1182 soluamus
2641 1135 2887 1183 omnes:

561 1258 564 1262 ι
631 1220 780 1302 quid
847 1220 980 1284 tam
1044 1218 1285 1284 iustum
1353 1220 1501 1302 quid
1568 1222 1703 1284 tam
1758 1221 2108 1284 humanum
2126 1223 2158 1284 P
2224 1224 2491 1304 grauant
2535 1237 2659 1284 nos
2705 1221 2885 1284 nouis

630 1321 856 1388 debitis
919 1323 1168 1388 decreta
1232 1326 1470 1387 uestra:
1539 1321 1729 1386 facite
1795 1321 2008 1387 saltim
2079 1321 2364 1387 debitum
2431 1323 2639 1405 ipsum
2704 1321 2886 1387 uobis

631 1425 952 1492 nobiscum
1019 1443 1150 1490 esse
1214 1441 1559 1490 commune.
1638 1425 1788 1508 quid
1856 1425 2028 1489 enim
2082 1425 2359 1508 iniquius
2405 1444 2536 1490 esse
2582 1430 2692 1490 aut
2739 1424 2888 1506 quid
2906 1445 2959 1487 ιο

631 1529 950 1612 indignius
1009 1528 1220 1610 potest
1231 1564 1270 1611 ,·
1310 1547 1498 1609 quam
1542 1532 1614 1593 ut
1674 1528 1793 1594 soli
1839 1528 1980 1592 sitis
2040 1529 2354 1594 immunes
2399 1547 2436 1593 a
2480 1528 2720 1605 debito,
2784 1530 2890 1610 qui

529 1632 613 1698 32
633 1633 889 1702 cunctos
946 1631 1155 1697 facitis
1213 1632 1518 1697 debitores
1533 1635 1565 1696 Ρ
1626 1632 1696 1697 et
1752 1632 2003 1714 quidem
2062 1632 2400 1698 miserrimi
2451 1649 2755 1715 pauperes
2799 1631 2889 1695 sic

633 1737 839 1801 totum
882 1735 1019 1815 hoc,
1067 1737 1229 1816 quod
1268 1735 1560 1816 diximus,
1606 1736 1884 1813 soluunt,
1927 1736 2090 1817 quod
2121 1754 2243 1818 qua
2271 1755 2338 1799 re
2369 1736 2469 1799 uel
2499 1752 2625 1815 qua
2651 1735 2889 1798 ratione

633 1840 883 1905 soluant
927 1838 1178 1920 penitus
1221 1837 1533 1922 ignorant.
1596 1840 1700 1903 cui
1746 1839 1913 1903 enim
1960 1839 2108 1904 licet
2153 1839 2463 1904 discutere
2510 1856 2620 1902 cur
2666 1837 2887 1914 soluat,

633 1944 744 2008 aut
773 1942 871 2006 cui
914 1941 1308 2024 permittitur
1353 1943 1672 2028 explorare
1721 1935 1868 2024 quid
1902 1942 2177 2007 debeat?
2219 1942 2328 2007 sed
2357 1942 2509 2006 tunc
2536 1940 2604 2004 id
2635 1938 2958 2004 euiden-15

634 2045 880 2111 tissime
938 2045 1252 2127 proditur,
1324 2063 1467 2110 cum
1525 2046 1799 2112 inuicem
1845 2046 1964 2111 sibi
2009 2047 2241 2111 diuites
2286 2044 2672 2122 irascuntur,
2748 2061 2891 2108 cum

634 2148 1040 2232 indignantur
1099 2147 1294 2230 aliqui
1352 2165 1588 2225 eorum,
1651 2149 1816 2231 quod
1861 2149 1993 2213 sine
2039 2148 2298 2214 consilio
2342 2167 2415 2213 ac
2457 2149 2733 2212 tractatu
2779 2164 2891 2211 suo

533 2252 616 2318 33
636 2253 848 2336 aliqua
917 2252 1165 2317 decreta
1231 2252 1376 2317 sint,
1454 2256 1608 2316 tunc
1636 2270 1688 2316 .a
1733 2252 2105 2334 quibusdam
2173 2270 2386 2317 eorum
2452 2251 2668 2316 audias
2735 2250 2890 2316 dici:

637 2376 671 2422 o
718 2357 961 2422 facinus
1005 2355 1371 2440 indignum!
1416 2358 1537 2443 duo
1568 2358 1680 2421 aut
1712 2359 1840 2421 tres
1875 2357 2179 2421 ,statuunt
2225 2357 2387 2438 quod
2434 2356 2668 2420 multos
2700 2355 2892 2431 necet,

636 2480 674 2526 a
717 2459 936 2543 paucis
995 2459 1354 2542 potentibus
1414 2459 1771 2525 decernitur
1825 2461 1989 2543 quod
2034 2480 2071 2526 a
2116 2459 2333 2526 multis
2380 2461 2621 2525 miseris
2668 2459 2894 2543 depen-
2908 2485 2960 2525 πο

637 2567 841 2632 datur.
907 2562 1133 2629 honori
1197 2566 1363 2630 enim
1429 2582 1541 2629 suo
1609 2565 2052 2647 unusquisque·
2107 2565 2380 2630 diuitum
2446 2566 2754 2648 praestat,
2820 2569 2893 2629 ut

636 2669 796 2734 nolit
842 2667 1081 2750 aliquid
1128 2685 1193 2731 se
1225 2667 1482 2732 absente
1527 2667 1795 2742 decerni,
1842 2686 1966 2732 non
2012 2667 2314 2746 iustitiae,
2362 2673 2433 2733 ut
2476 2668 2696 2752 iniqua
2737 2669 2895 2733 nolit

638 2792 704 2838 se
747 2775 1068 2854 praesente
1133 2771 1447 2837 constitui.
1516 2771 1778 2852 denique
1838 2772 2001 2854 quod
2058 2774 2124 2836 in
2181 2772 2323 2836 aliis
2379 2772 2894 2856 reprehenderent

638 2875 757 2957 ipsi
823 2874 1038 2956 postea
1108 2876 1219 2940 aut
1285 2892 1397 2955 pro
1444 2875 1841 2955 contemptus
1905 2874 2234 2957 praeteriti
2303 2874 2541 2940 ultione
2606 2879 2717 2939 aut
2784 2893 2893 2957 pro

638 2978 968 3061 potestatis
1014 2977 1518 3059 praesumptione
1562 2978 1971 3042 constituunt.
2043 2997 2115 3043 ac
2157 2998 2266 3062 per
2312 2981 2426 3043 hoc
2469 2977 2891 3043 infelicissimi
2911 3002 2963 3043 2⁵

636 3098 933 3164 pauperes
979 3080 1070 3145 sic
1104 3084 1260 3148 ,sunt
1303 3082 1482 3164 quasi
1526 3082 1693 3146 inter
1738 3082 2165 3148 concertantes
2221 3082 2529 3164 procellas
2574 3081 2640 3146 in
2688 3081 2894 3146 medio

637 3183 799 3249 mari
867 3184 1085 3266 positi:
1162 3202 1329 3248 nunc
1400 3184 1668 3249 istorum
1738 3186 1976 3251 scilicet
2044 3205 2208 3250 nunc
2279 3186 2530 3249 illorum
2598 3184 2893 3250 fiuctibus

636 3287 1006 3362 obruuntur.
1189 3349 1193 3354 .
2631 3349 2636 3354 ,

536 3383 621 3450 34
724 3391 902 3456 VIII.
976 3390 1096 3457 Sed
1165 3390 1466 3456 uidelicet
1541 3392 1647 3473 qui
1694 3391 1762 3455 in
1807 3393 1924 3457 hac
1966 3393 2142 3475 parte
2196 3391 2402 3473 iniqui
2461 3393 2610 3457 sunt
2664 3393 2727 3456 in
2775 3391 2896 3456 alia

743 3632 776 3685 2
829 3646 923 3685 uos
971 3629 1170 3684 diuites
1223 3631 1279 3684 Β
1486 3630 1616 3683 estis
1665 3646 1735 3683 ex
1781 3630 1829 3683 St
1863 3646 1916 3683 es
1953 3630 2007 3684 A
2042 3646 2210 3698 super
2246 3647 2300 3683 es
2338 3648 2405 3684 m.
2443 3633 2483 3684 2
2519 3630 2644 3684 add.
2685 3631 2759 3684 tis

638 3718 675 3771 4
698 3716 969 3771 da&d&uo
996 3717 1113 3782 (sic)
1138 3717 1194 3768 A
1383 3715 1416 3769 6
1440 3715 1639 3783 pateris
1663 3717 1720 3768 A
1910 3731 2135 3784 expensa
2157 3716 2212 3769 A
2234 3717 2365 3782 fort.
2388 3732 2490 3771 scr.
2514 3732 2760 3785 expensas

641 3804 672 3857 7
726 3803 998 3856 uoluntati
1050 3817 1119 3855 ex
1171 3802 1451 3855 uoluntate
1502 3801 1559 3855 A
1605 3817 1743 3856 corr.
1790 3818 1859 3855 m.
1896 3804 1935 3855 2
2142 3818 2322 3856 omues
2367 3804 2424 3858 A
2468 3818 2524 3856 8.-
2548 3803 2582 3856 l.
2621 3820 2686 3858 m.
2726 3806 2763 3858 2

640 3888 675 3941 8
728 3886 940 3955 quitam
992 3887 1047 3939 A
1093 3901 1134 3942 ε.
1171 3887 1198 3938 t
1233 3901 1335 3940 scr.
1386 3886 1420 3940 d
1466 3903 1535 3940 m.
1572 3889 1612 3940 2
1822 3886 1889 3939 12
1922 3886 2138 3954 quidam
2174 3887 2229 3940 Β
2267 3902 2404 3940 corr.
2445 3903 2511 3941 ex
2546 3887 2762 3955 quidem

643 3973 708 4027 13
761 3972 978 4028 soluunt
1032 3973 1089 4025 A
1139 3973 1236 4027 sed
1260 3974 1570 4041 posteriore
1606 3990 1640 4025 u
1676 3979 1808 4025 mut.
1844 3990 1913 4026 m.
1944 3976 1981 4027 2
2015 3973 2079 4027 in
2115 3990 2172 4026 cc
2195 3994 2265 4019 =
2289 3989 2321 4026 a
2531 3974 2598 4027 14
2649 3974 2899 4042 paenitus

639 4057 737 4113 sed
772 4074 804 4111 a
839 4057 946 4113 del.
983 4059 1038 4111 A
1242 4059 1307 4113 21
1347 4060 1572 4127 quisque
1611 4075 1705 4113 suo
1742 4059 1797 4112 Β
2003 4060 2071 4113 22
2117 4059 2337 4113 absente
2370 4058 2427 4112 A
2462 4066 2526 4113 ut
2559 4061 2747 4113 statim
2782 4075 2898 4128 pre·

642 4148 792 4201 sente
828 4215 833 4218 .
997 4146 1066 4200 23
1118 4146 1563 4215 reprehenderent
1615 4161 1783 4213 super
1827 4162 1855 4199 e
1903 4148 1999 4201 ult.
2047 4148 2164 4222 syll.
2201 4164 2267 4200 m.
2305 4162 2410 4201 rec.
2450 4146 2580 4202 add.
2617 4163 2649 4200 a
2683 4148 2764 4200 A:
2818 4163 2900 4200 re-

642 4232 1036 4301 prehenderunt
1071 4232 1126 4285 Β
1333 4231 1401 4287 25
1436 4232 1866 4301 praesumptione
1901 4249 1969 4286 ex
2008 4233 2119 4285 -nis
2154 4234 2209 4286 A
2246 4248 2385 4287 corr.
2424 4248 2492 4286 m.
2531 4237 2567 4288 2
