3380 4919
1092 322 1169 376 ad
1206 322 1559 376 ecclesiam
1602 322 1694 376 III
1732 326 1763 387 ξ
1801 322 2020 376 10-17,
2560 325 2689 391 273

430 534 607 583 mens
653 516 831 598 larga
874 516 1003 582 nisi
1046 514 1437 598 paenitentia
1481 512 1802 578 fructuosa
1832 513 1895 578 et
1931 511 2355 594 eleemosynae
2402 512 2686 593 copiosae

434 619 612 703 quasi
670 637 890 693 manus
949 617 1217 701 ualidae,
1279 617 1387 682 ubi
1432 616 1698 699 denique
1751 632 1861 696 pro
1908 613 2274 683 diuersitate
2316 615 2689 683 meritorum

432 723 542 792 aut
595 742 911 789 summum
975 722 1209 789 bonum
1266 721 1547 787 inuenies
1606 722 1718 784 aut
1762 737 2081 785 summum
2126 719 2383 796 malum,
2431 721 2541 783 aut
2584 718 2688 784 in·-

432 827 697 892 mortale
742 828 1086 907 praemium
1135 828 1246 893 aut
1290 824 1422 889 sine
1466 824 1587 889 fine
1635 824 2040 889 tormentum.
2100 824 2163 887 et
2205 823 2277 889 tu
2308 824 2384 887 de
2414 822 2692 906 locuple·-
2713 820 2797 886 14

386 931 641 995 standis
688 929 1180 1013 quibuscumque
1224 927 1554 995 heredibus
1600 927 1729 995 tuis
1788 925 2043 1008 cogitas,
2104 926 2181 991 de
2226 924 2451 1009 opibus
2492 943 2692 1009 agna·-

433 1035 640 1101 torum
710 1032 1240 1114 cognatorumque
1300 1031 1607 1112 suspiras,
1679 1047 1867 1111 quem
1937 1029 2334 1112 potissimum
2400 1029 2691 1095 ditiorem

433 1136 809 1217 patrimonio
852 1137 959 1200 tuo
1006 1135 1216 1217 facias,
1265 1135 1367 1200 cui
1397 1132 1815 1217 supellectilis
1845 1133 2057 1199 uariae
2100 1134 2466 1199 ornamenta
2515 1133 2687 1198 tran-

435 1238 688 1319 scribas,
750 1237 925 1304 cuius
979 1238 1305 1320 apothecas
1354 1237 1544 1319 copiis
1588 1236 1715 1301 tuis
1759 1235 2026 1318 repleas,
2074 1235 2175 1301 eui
2220 1237 2516 1303 maiorem
2560 1253 2691 1301 ser-

433 1358 657 1407 uorum
715 1359 1045 1409 numerum
1105 1340 1520 1421 derelinquas.
1595 1337 2025 1407 infelicissime
2077 1340 2358 1405 omnium
2375 1388 2391 1421 ,
2456 1341 2692 1421 cogitas

362 1462 624 1527 mquam
679 1445 834 1511 bene
895 1442 1007 1509 alii
1059 1444 1202 1524 post
1244 1443 1309 1507 te
1352 1442 1592 1520 uiuant,
1657 1458 1784 1509 non
1830 1441 2068 1525 cogitas
2114 1460 2306 1522 quam
2345 1441 2516 1509 male
2556 1442 2694 1525 ipse

431 1548 742 1614 moriaris.
814 1548 914 1612 dic
969 1548 1144 1629 mihi,
1204 1564 1446 1628 quaeso,
1502 1564 1537 1610 o
1581 1545 1771 1615 miser
1829 1564 1865 1610 o
1909 1545 2206 1611 infidelis!
2267 1563 2414 1612 cum
2470 1545 2692 1611 multis
2714 1543 2795 1608 15

432 1649 884 1732 patrimonium
926 1650 1108 1716 tuum
1154 1650 1420 1726 diffidas,
1468 1668 1609 1717 cum
1641 1649 1882 1715 multos
1909 1646 2315 1715 facultatibus
2347 1649 2474 1715 tuis
2507 1648 2691 1725 dites,

433 1753 738 1836 numquid
799 1753 876 1818 de
935 1753 1067 1819 solo
1110 1753 1181 1819 te·
1221 1771 1284 1817 es
1329 1756 1459 1821 tam
1522 1751 1686 1821 male
1747 1750 2030 1828 1110111110,
2091 1752 2163 1814 111
2208 1749 2330 1817 tibi
2372 1769 2484 1818 1100
2527 1751 2695 1819 inter

436 1858 754 1923 extraneos
786 1857 993 1925 locum
1024 1855 1214 1923 facias
1248 1855 1541 1925 heredis?
1572 1873 1711 1925 ecce
1734 1858 2020 1936 expectat
2045 1854 2265 1921 teiam
2296 1873 2695 1939 egressurum

365 1979 417 2025 ιε
434 1962 512 2026 de
554 1959 695 2025 uita
734 1962 865 2027 ista
904 1960 1180 2029 officium
1223 1959 1559 2029 tribunalis
1597 1959 1777 2038 sacri,
1824 1960 2152 2040 expectant
2183 1960 2449 2024 tortores
2482 1961 2696 2041 angeli

437 2066 501 2129 et
544 2064 974 2133 inmortalium
1021 2064 1475 2129 tormentorum
1516 2061 1828 2129 terribiles
1872 2061 2170 2141 ministri,
2228 2066 2290 2127 et
2334 2063 2406 2127 tu
2451 2062 2694 2130 futuras

433 2170 576 2250 post
639 2169 704 2235 te
764 2167 1058 2233 heredum
1116 2166 1540 2233 mundialium
1598 2165 1952 2247 uoluptates
2011 2166 2218 2233 animo
2277 2166 2561 2243 1101111110,
2622 2170 2694 2232 111

436 2271 690 2336 delicias
735 2271 999 2335 aliorum
1040 2272 1250 2337 mente
1295 2269 1677 2350 pertractas:
1726 2287 1916 2349 quam
1958 2267 2122 2335 bene
2162 2267 2401 2333 scilicet
2446 2271 2585 2349 post
2632 2271 2694 2334 te

437 2373 614 2439 heres
674 2376 821 2441 tuus
885 2373 961 2438 de
1023 2372 1130 2436 tuo
1189 2373 1508 2453 prandeat,
1571 2370 1797 2452 quibus
1850 2371 2046 2452 copiis
2088 2374 2377 2437 uentrem
2423 2372 2690 2454 expleat,

363 2478 741 2561 aequomodo
800 2495 997 2558 usque
1053 2476 1132 2540 ad
1190 2493 1488 2544 nauseam
1542 2474 1995 2544 redundantem
2049 2476 2296 2542 uiscera
2343 2477 2694 2542 exsaturata

435 2581 768 2648 distendat.
836 2578 1270 2648 infelicissime
1315 2579 1612 2663 omnium,
1660 2579 1809 2662 quid
1855 2578 1971 2644 tibi
2009 2580 2110 2646 est
2147 2598 2291 2644 cum
2339 2579 2435 2646 his
2489 2579 2691 2646 neniis
2717 2575 2800 2643 16

436 2684 587 2767 quid
646 2685 762 2751 tibi
819 2702 961 2750 cum
1020 2682 1120 2748 his
1167 2682 1610 2760 deliramentis,
1660 2681 1809 2763 quid
1853 2701 1995 2748 cum
2040 2682 2328 2748 stultitia.
2363 2683 2547 2750 huius
2594 2702 2693 2749 er·-

435 2788 591 2852 roris
648 2787 800 2870 quid
860 2806 1001 2852 cum
1045 2786 1394 2870 perditione
1435 2786 1623 2852 istius
1668 2784 2014 2852 uanitatis?
2088 2787 2387 2869 numquid
2444 2806 2697 2853 succur-

435 2909 568 2954 rere
616 2890 730 2955 hoc
774 2890 894 2956 tibi
938 2890 1104 2954 inter
1149 2889 1458 2971 supplicia
1487 2907 1734 2956 summa
1779 2889 2027 2971 poterit,
2075 2889 2234 2967 siis,
2280 2890 2515 2973 quires
2549 2895 2693 2956 tuas

365 2992 693 3076 &prodige
739 2993 1031 3073 comedit,
1075 2994 1286 3058 lautus
1333 2994 1395 3057 et
1438 3010 1702 3074 pransus
1747 2995 1904 3059 bene
1947 2993 2293 3062 eructarit?

520 3114 675 3178 IIII.
722 3113 840 3179 Sed
873 3115 949 3179 de
978 3113 1094 3194 his,
1144 3115 1308 3179 unde
1350 3132 1515 3177 nunc
1559 3112 1894 3194 loquimur,
1943 3113 1998 3177 si
2043 3131 2139 3177 res
2184 3131 2256 3179 ae
2288 3116 2445 3182 ratio
2475 3115 2692 3197 postu·
2721 3115 2797 3181 17

438 3216 740 3300 lauerint‚
816 3217 1008 3283 ctiam
1085 3218 1225 3299 post
1299 3215 1455 3281 haec
1527 3215 1739 3300 aliqua
1810 3216 2170 3283 subdemus.
2246 3216 2500 3281 interim
2575 3218 2695 3283 1100

544 3488 571 3542 1
622 3489 955 3557 elemosynae
990 3489 1046 3541 A
1099 3488 1250 3542 elem.
1288 3488 1341 3543 B
1549 3489 1582 3542 6
1627 3491 1989 3562 cognatorum.
2046 3490 2156 3556 Que
2195 3494 2256 3557 (8.
2293 3506 2398 3546 scr.
2433 3508 2502 3545 m.
2538 3493 2579 3544 2
2615 3490 2695 3558 id)

438 3590 582 3642 susp.
622 3574 678 3627 B
857 3575 887 3628 7
918 3580 1047 3642 post
1083 3573 1247 3628 facias
1269 3575 1334 3629 in
1369 3576 1424 3629 A
1460 3589 1597 3628 eras,
1623 3574 1872 3629 ditiorem
1898 3576 2163 3631 iteratum
2341 3576 2694 3630 transscribas

435 3660 524 3714 hic
558 3661 614 3714 A
810 3661 873 3713 11
898 3660 1147 3714 infodelis
1173 3676 1242 3714 ex
1265 3659 1604 3715 infidelitatis
1629 3677 1769 3716 corr.
1796 3679 1864 3716 m.
1888 3666 1925 3717 2
1962 3663 2016 3716 B
2038 3663 2167 3717 item
2189 3663 2377 3717 statim
2404 3664 2601 3717 multos
2628 3678 2695 3717 ex

438 3746 629 3802 multis
670 3749 822 3815 (post
857 3749 1004 3814 cum)
1216 3746 1282 3801 13
1316 3762 1453 3804 num
1480 3762 1521 3804 0.
1558 3762 1663 3804 scr.
1696 3764 1769 3806 m.
1802 3750 1843 3804 2
1877 3748 2005 3817 quid
2040 3748 2096 3806 A
2302 3749 2368 3808 15
2396 3755 2525 3820 post
2559 3750 2699 3803 sacri

435 3848 477 3889 s.
519 3832 554 3886 l.
590 3850 659 3887 m.
695 3835 734 3887 2
771 3835 828 3888 et
864 3832 919 3890 B
1126 3831 1194 3885 16
1229 3831 1490 3888 terribilis
1525 3833 1580 3890 A
1617 3839 1667 3888 et
1704 3849 1843 3892 corr.
1878 3834 1943 3888 in
1979 3834 2088 3890 ·les
2121 3833 2176 3886 B
2378 3835 2444 3890 18
2479 3834 2699 3890 delicias

439 3935 509 3974 cx
542 3919 638 3976 dil.
676 3935 817 3974 corr.
852 3935 922 3972 m.
956 3921 997 3974 2
1043 3920 1098 3976 A
1303 3918 1368 3978 21
1417 3918 1770 3978 infilicissime
1813 3920 1869 3973 A
2074 3918 2253 3977 neniis
2296 3919 2435 3978 AB:
2491 3921 2699 3980 naeniis

437 4021 483 4060 0.
519 4005 641 4060 edd.
680 4004 945 4062 Halmius
1150 4004 1219 4060 22
1253 4004 1623 4062 deliramentis
1657 4021 1727 4062 010
1762 4004 1905 4061 dilir.
1941 4020 2076 4059 corr.
2115 4020 2184 4060 m.
2222 4008 2263 4059 2
2297 4005 2383 4073 A,
2432 4021 2505 4060 001
2535 4007 2701 4064 delet.

439 4092 496 4150 B
681 4092 750 4148 25
784 4097 905 4160 post
941 4091 1201 4148 eructarit
1236 4090 1365 4144 add.
1397 4107 1442 4159 p
1479 4096 1530 4144 et
1565 4091 1687 4147 edd.
1726 4096 1859 4146 ante
1882 4091 2095 4148 Halm.=
2144 4093 2239 4145 aut
2274 4091 2438 4145 etiam
2475 4095 2544 4147 ut
2574 4092 2702 4158 tibi,

437 4178 534 4247 qui
570 4177 877 4236 denotanda
919 4180 1016 4234 tua
1050 4177 1229 4231 omnia
1264 4174 1557 4243 tradidisti,
1604 4176 1929 4232 redundanti
1976 4176 2245 4231 cruditate
2286 4177 2407 4246 plus
2448 4181 2704 4246 praestet,

439 4266 489 4317 si
524 4263 658 4317 bene
694 4264 996 4319 uomuerit‘?
1032 4263 1135 4329 cfr.
1165 4263 1462 4321 Sita-Ber,
1479 4279 1540 4331 p.
1566 4264 1642 4316 33
1824 4262 1891 4317 27
1928 4262 2188 4330 subdem;⁹
2219 4264 2299 4319 sic
2321 4280 2391 4318 m.
2416 4266 2457 4319 2
2491 4265 2547 4317 A

544 4368 702 4423 VIII.
2432 4367 2499 4421 18
