3380 4919
666 312 797 378 238
1631 307 1958 361 Saluiani

670 500 1059 585 ignorantiae
1102 503 1216 564 aut
1257 504 1566 584 postremo
1608 502 1790 582 lapsu
1823 500 2192 584 fragilitatis
2221 501 2535 564 hnmanae
2563 501 2929 582 resipiscere

671 605 925 668 tandem
969 604 1149 687 quasi
1190 606 1334 685 post
1376 608 1644 668 mortem
1699 603 2117 685 grauissimae
2157 603 2547 675 infirmitatis
2590 606 2704 668 aut
2746 603 2930 684 quasi

669 708 811 790 post
874 706 1122 771 luctum
1190 709 1480 771 turbatae
1545 708 1781 771 mentis
1837 707 2170 790 incipiunt,
2236 712 2304 770 et
2345 707 2514 770 sicut
2554 707 2636 770 ad
2677 725 2930 770 sensnm

668 829 855 875 suum
907 811 1113 875 insani
1167 811 1450 875 homines
1504 814 1646 893 post
1689 810 1987 891 furorem,
2044 811 2136 874 sic
2177 810 2289 874 isti
2332 809 2596 873 redeunt
2639 814 2785 890 post
2826 829 2927 873 er-

668 931 891 990 rorem,
948 915 1015 977 in
1072 931 1194 978 uno
1237 914 1675 979 tantummodo
1723 933 1764 977 a
1805 933 1873 978 se
1916 915 2212 995 dispares,
2275 913 2443 994 quod
2485 913 2584 978 illi
2629 913 2925 996 gaudent,
2972 935 2998 972 ε

665 1019 999 1099 postquam
1066 1016 1385 1081 euaserint
1448 1016 1937 1099 aegritudinem,
2005 1016 2113 1080 isti
2178 1016 2492 1098 plangunt
2505 1065 2524 1091 ,
2594 1018 2926 1097 postqum

563 1116 1017 1203 44200eperint
1086 1120 1441 1184 sanitatem.
1530 1138 1645 1183 nec
1715 1119 2029 1184 inmerito.
2115 1119 2217 1183 illi
2287 1119 2460 1183 enim
2532 1120 2714 1182 tanto
2785 1118 2930 1200 plus

665 1223 1086 1307 gratulantur,
1133 1225 1367 1305 quanto
1411 1224 1556 1304 plus
1600 1222 2056 1287 incolumitatis
2099 1222 2393 1302 indeptos
2437 1240 2573 1285 esse
2614 1240 2684 1284 se
2728 1223 2929 1299 senti·

663 1330 800 1402 unt,
848 1326 957 1389 isti
1000 1328 1175 1390 tanto
1219 1328 1360 1408 plns
1404 1327 1890 1402 confunduntur,
1949 1326 2181 1407 quanto
2235 1326 2592 1391 euidentius
2636 1324 2928 1387 morbum

664 1427 763 1492 sui
806 1429 1031 1492 erroris
1075 1433 1439 1512 agnoscunt.
1514 1447 1636 1511 quo
1678 1430 1794 1493 fiat
1837 1447 2089 1493 necesse
2133 1430 2232 1492 est
2273 1431 2346 1492 ut
2389 1427 2487 1493 illi
2534 1427 2820 1491 exultent
2865 1428 2927 1490 et
2945 1451 2997 1490 ιο

663 1532 773 1596 isti
828 1532 1108 1611 lugeant,
1168 1532 1313 1613 quia
1368 1532 1471 1596 illi
1525 1532 1690 1614 quod
1751 1532 2160 1615 aegrotarunt
2211 1532 2513 1612 inputant
2565 1528 2925 1608 ualitudini,

662 1634 774 1698 isti
818 1636 983 1716 quod
1027 1637 1396 1699 errauerunt
1437 1636 1581 1713 sibi,
1627 1655 1703 1700 ac
1744 1636 1840 1699 sic
1882 1634 1982 1700 illi
2023 1635 2178 1701 laeti
2221 1639 2374 1699 sunt
2417 1634 2495 1697 de
2539 1632 2816 1697 remedio
2861 1636 2925 1696 et

663 1737 777 1801 isti
820 1738 988 1801 anxii
1029 1740 1109 1803 de
1150 1742 1353 1803 reatu.

561 1860 649 1928 45
752 1857 965 1922 VIIII.
1026 1859 1204 1921 Vnde
1249 1859 1551 1923 admoneo
1596 1876 1741 1923 cum
1787 1876 2002 1923 omnes
2045 1862 2186 1923 tum
2230 1859 2562 1940 praecipue
2591 1876 2718 1932 eos,
2765 1874 2920 1937 quos

665 1960 955 2043 grauium
1022 1961 1391 2025 delictorum
1456 1965 1655 2027 terror
1722 1962 1998 2044 exagitat
2061 1964 2131 2026 et
2191 1964 2255 2026 in
2323 1963 2549 2044 quibus
2611 1959 2925 2023 infelicior
2942 1986 2996 2026 15

558 2144 559 2147 Ἴ
666 2062 1045 2127 conscientia
1088 2068 1482 2145 peccatorum
1544 2065 1900 2146 poenalium
1963 2064 2389 2131 recordatione
2448 2063 2740 2145 suspirat,
2787 2062 2922 2143 pri-

663 2185 839 2230 mum
896 2171 989 2249 ut,
1055 2167 1202 2231 licet
1261 2168 1417 2250 lapsi
1473 2167 1621 2244 sint,
1684 2186 1808 2232 non
1854 2174 2318 2233 commorentur
2358 2167 2666 2248 in·lapsu'
2697 2184 2812 2230 nec
2856 2167 2922 2229 in

664 2269 1015 2333 uolutabris
1085 2274 1212 2334 suis
1281 2272 1670 2337 sordentium
1730 2290 1915 2336 suum
1975 2289 2148 2335 more
2207 2275 2556 2348 uersentur,
2624 2269 2733 2350 qui
2775 2274 2925 2332 ‘cum

664 2376 1018 2438 aestuantes
1067 2375 1243 2438 aluos
1276 2392 1463 2438 caeno
1508 2374 1924 2458 inmerserint,
1971 2391 2364 2456 nequaquam
2393 2372 2657 2438 sordidis
2703 2372 2925 2452 uolup-

661 2476 899 2541 tatibus
946 2478 1364 2555 satisfaciunt‚
1412 2478 1535 2541 nisi
1578 2474 1714 2542 tota
1756 2479 2006 2560 penitus
2051 2478 2186 2541 luto
2215 2476 2504 2549 membra
2525 2476 2921 2540 conuoluant.
2943 2498 2996 2539 ιο

594 2573 597 2578 ’
663 2598 787 2644 11011
834 2600 979 2664 ergo
1024 2582 1245 2646 horum
1292 2581 1643 2646 naturalem
1672 2582 2018 2663 sequantur
2062 2581 2366 2645 inluuiem
2396 2599 2508 2644 1166
2537 2579 2702 2642 male
2745 2579 2924 2642 blan-

663 2682 760 2748 dis
817 2684 1091 2765 lapsibus
1147 2684 1567 2767 adquiescant,
1625 2688 1736 2749 aut
1788 2686 1858 2748 in
1915 2685 2209 2749 barathro
2264 2684 2605 2749 libidinum
2651 2695 2960 2747 commo.»

663 2790 873 2851 rantes
928 2787 993 2851 in
1050 2788 1195 2867 ipsis
1242 2808 1307 2852 se
1354 2789 1658 2870 sepeliant
1712 2787 1913 2852 ruinis
1971 2788 2121 2865 suis,
2177 2788 2287 2851 sed
2335 2788 2504 2861 ilico,
2559 2785 2670 2850 ubi
2714 2782 2924 2849 conci-

665 2889 829 2967 dere,
878 2893 1256 2972 consurgant
1302 2894 1364 2955 et
1407 2892 1820 2956 eleuationem
1865 2892 2170 2973 protinus·
2199 2890 2578 2957 meditentur
2621 2890 2684 2952 in
2723 2889 2920 2967 lapsu,

663 3008 754 3071 ac,
802 2992 858 3056 si
901 2991 1037 3056 fieri
1081 2993 1208 3055 ullo
1238 2994 1420 3058 modo
1450 2996 1818 3075 pernicitate
1847 2994 2272 3076 paenitudinis
2303 2996 2528 3075 potest,
2577 2993 2712 3055 tam
2740 2990 2923 3055 uelox
2941 3014 2993 3054 ιε

664 3092 752 3157 sit
806 3094 1155 3158 remedium
1214 3097 1613 3178 resurgentis,-
1682 3097 1758 3160 ut
1813 3096 1919 3160 uix
1973 3095 2175 3177 possit
2233 3096 2570 3177 uestigium
2629 3111 2921 3175 apparere

560 3198 646 3263 46
666 3177 958 3277 conlapsi.
1022 3215 1179 3280 ergo
1214 3197 1280 3262 in
1322 3199 1688 3263 huiusmodi
1717 3201 1919 3264 causis
1966 3199 2081 3263 1106
2123 3199 2400 3280 primum
2433 3197 2738 3262 medellae
2761 3207 2919 3279 opus

150 4311 595 4514 fx

768 3470 797 3523 1
836 3469 989 3537 lapsu
1016 3474 1207 3536 pwnct.
1245 3485 1279 3536 p
1318 3474 1369 3523 et
1403 3484 1445 3521 ε.
1482 3484 1584 3522 scr.
1620 3485 1689 3522 m.
1729 3473 1763 3522 2
1797 3468 1832 3521 b
1871 3470 1928 3523 A
2134 3470 2165 3521 7
2209 3469 2350 3522 enim
2381 3468 2473 3526 illi
2508 3470 2564 3523 Β
2770 3470 2804 3522 8
2840 3468 2922 3521 in·

664 3555 992 3610 colomitatis
1030 3555 1085 3607 Β
1291 3554 1326 3606 9
1361 3554 1755 3608 confundantur
1791 3556 1846 3608 Β
2046 3556 2107 3608 11
2147 3555 2450 3609 ualetudini
2488 3571 2556 3608 ex
2590 3556 2745 3609 ualit.
2782 3571 2922 3611 corr.

661 3656 727 3694 m.
766 3644 807 3695 2
851 3642 908 3695 A
1117 3640 1181 3693 12
1226 3640 1290 3694 de
1334 3657 1373 3694 ε.
1406 3641 1442 3693 l.
1479 3639 1715 3693 acidum.
1745 3644 1788 3693 '2
1833 3641 1890 3693 Β
1931 3651 1938 3674 '-
2096 3641 2164 3693 14
2210 3641 2346 3710 tum]
2385 3640 2513 3698 dum
2558 3657 2602 3694 s.
2638 3656 2742 3694 scr.
2777 3656 2845 3692 m.
2883 3642 2924 3693 2

661 3729 690 3779 t
726 3726 780 3779 Β
910 3759 913 3768 ·
988 3727 1054 3781 15
1088 3725 1338 3779 irffilicior
1371 3728 1429 3780 A
1464 3727 1567 3792 (ut
1599 3741 1765 3793 saepe
1797 3726 1860 3779 in
1894 3742 2015 3780 uoc.
2052 3726 2182 3781 felix
2216 3733 2269 3780 et
2304 3725 2745 3802 eiusderiuatis’
2782 3725 2925 3782 Haz-

662 3811 825 3875 mius)
1036 3812 1102 3865 18
1139 3827 1307 3865 suum2
1329 3829 1394 3880 p:
1450 3825 1555 3867 om:
1590 3813 1702 3865 AB
1751 3813 1920 3879 (Yon.
1963 3812 2023 3866 in
2045 3814 2376 3868 -uolutabris
2396 3829 2554 3870 suum
2592 3812 2923 3870 sordentium

663 3896 821 3949 more'
850 3896 1149 3961 :Halmium
1183 3899 1287 3965 cfr.
1325 3914 1467 3967 quae
1498 3898 1916 3967 disputaverimus
1952 3897 2330 3967 Sitz.-Ber.·p.
2360 3901 2452 3966 35)
2661 3898 2740 3956 21,
2765 3900 2922 3960 natu·

664 3996 847 4034 rarum
881 3970 937 4034 Β
1141 3982 1210 4035 22
1247 3984 1463 4037 baratro
1488 3983 1609 4037 ΑΒ
1703 4009 1704 4014 1
1815 3982 1885 4036 23
1928 3982 2077 4038 illico
2113 3984 2170 4038 Β
2375 3982 2673 4042 concidere,
2694 3998 2763 4046 exc
2798 3996 2922 4044 con·

661 4067 771 4121 ced.
792 4081 951 4122 corr,
982 4083 1051 4120 m.
1088 4065 1128 4121 '2
1171 4068 1284 4122 AB
1324 4091 1343 4119 ,τ
1499 4069 1566 4122 25
1612 4068 1946 4137 penitudinis
1991 4070 2103 4123 AB
2321 4069 2454 4138 tam]
2503 4070 2683 4126 tamen
2728 4068 2783 4122 Β
2825 4123 2830 4129 ,

661 4153 733 4207 27
779 4168 899 4207 611111
946 4153 1103 4221 lapsu
1138 4156 1193 4208 A.
1216 4177 1223 4206 ι
1245 4155 1467 4222 collapsi
1502 4171 1571 4210 ex
1604 4172 1727 4209 curn
1762 4155 1903 4224 lapsi
1940 4167 2080 4209 corr.
2117 4172 2187 4210 m.
2225 4158 2261 4210 2
2294 4155 2351 4209 Β
2483 4211 2488 4214 ,
2559 4153 2786 4221 medelle
2825 4153 2917 4219 alt,

660 4239 685 4297 l
720 4255 861 4294 eras.
898 4241 952 4293 A
1005 4240 1238 4294 medelae
1273 4256 1413 4295 corr.
1451 4256 1519 4295 ex
1552 4240 1808 4295 medellae
1843 4242 1898 4294 Β

682 4611 695 4626 λι
