3380 4919
676 312 801 377 194
1651 310 1962 364 Saluiani

675 500 1031 567 ardeamus:
1100 504 1174 565 ut
1236 504 1402 566 recte
1467 501 1704 584 utique,
1774 502 2056 584 quotiens
2125 502 2291 566 mala
2349 503 2470 566 ista
2534 502 2928 585 perferimus,

675 606 863 669 etiam
895 603 973 668 ad
1002 622 1113 668 nos
1142 603 1269 668 dici
1314 603 1476 670 illud
1505 605 1935 687 propheticum
1980 608 2206 689 possit:
2253 607 2362 671 ite
2406 606 2484 670 in
2529 606 2933 672 flammam

671 708 911 793 ignis,
980 726 1204 790 quam
1261 709 1783 774 accendistis.
1862 728 1936 775 ac
1989 729 2099 794 per
2153 709 2268 775 hoc
2325 710 2499 775 iuxta
2556 710 2930 774 sententiam

672 830 915 878 sacram
976 813 1109 894 ipse
1165 811 1291 875 sibi
1347 813 1530 894 parat
1584 813 1870 894 peccator
1927 813 2189 895 quisque
2234 816 2394 895 quod
2441 812 2699 896 patitur.
2768 812 2930 877 nihil

672 916 770 980 est
814 915 1044 997 itaque,
1102 916 1262 997 quod
1308 916 1383 979 de
1430 914 1899 981 calamitatibus
1944 917 2171 981 nostris
2219 919 2329 980 deo
2376 915 2686 998 imputare
2730 917 2926 997 possi·
2973 934 3010 975 s

670 1036 840 1082 mus:
888 1035 1002 1082 nos
1048 1017 1485 1083 calamitatum
1530 1021 1889 1084 nostrarum
1934 1024 2218 1085 auctores
2264 1037 2499 1084 sumus,
2562 1021 2712 1085 deus
2758 1020 2929 1085 enim

668 1122 807 1205 pius
855 1121 952 1185 est
995 1139 1068 1186 ac
1110 1121 1461 1186 misericors
1509 1126 1571 1186 et
1615 1123 1746 1205 qui,
1794 1124 1866 1187 ut
1898 1125 2202 1205 scriptum
2249 1125 2361 1200 est,
2407 1124 2722 1188 neminem
2768 1123 2929 1187 uelit

668 1226 865 1308 perire
921 1224 1027 1289 uel
1088 1223 1351 1289 laedere.
1422 1242 1533 1289 nos
1592 1242 1737 1308 ergo
1797 1224 2127 1290 aduersum
2191 1245 2303 1290 nos
2362 1227 2570 1290 omnia
2629 1225 2928 1291 facimus:

670 1327 828 1392 nihil
884 1328 1112 1411 itaque,
1170 1327 1331 1392 nihil
1389 1332 1486 1393 est
1543 1331 1608 1393 iu
1665 1347 1776 1394 nos
1835 1330 2147 1395 crudelius
2203 1329 2415 1393 nobis:
2474 1348 2604 1408 noS,
2650 1331 2925 1413 inquam,

609 1429 777 1497 8nos
824 1432 1014 1496 etiam
1059 1432 1171 1497 deo
1217 1434 1469 1498 nolente
1515 1434 1881 1498 cruciamus,
1950 1436 2056 1499 sed
2110 1432 2405 1498 uidelicet
2447 1433 2779 1498 aduersum
2829 1451 2927 1496 me
2947 1453 3008 1493 ιο

668 1535 875 1619 ipsum
932 1536 1139 1600 dicere
1200 1535 1433 1619 uideor,
1500 1537 1626 1619 qui,
1687 1555 1827 1601 cum
1883 1537 2166 1621 superius
2212 1537 2493 1616 dixerim,
2550 1536 2627 1602 ob
2674 1538 2929 1619 peccata

669 1643 878 1705 nostra
923 1657 1035 1705 nos
1080 1639 1289 1721 puniri
1336 1659 1373 1705 a
1417 1641 1551 1718 deo,
1598 1659 1763 1705 nunc
1806 1641 2009 1705 dicam
2054 1660 2163 1707 nos
2207 1641 2418 1724 puniri
2459 1661 2495 1706 a
2525 1639 2704 1706 nobis
2750 1640 2923 1720 ipsis.

667 1746 1001 1823 utrumque
1047 1761 1264 1807 uerum
1312 1747 1440 1822 est3
1487 1761 1523 1807 a
1567 1747 1678 1809 deo
1711 1744 1938 1827 quippe
1980 1745 2296 1827 punimur,
2346 1746 2449 1809 sed
2495 1742 2618 1826 ipsi
2662 1743 2925 1807 facimus

669 1849 741 1909 ut
785 1845 1132 1927 puniamur.
1197 1864 1340 1910 cum
1374 1850 1584 1911 autem
1617 1848 1829 1929 puniri
1873 1847 2131 1929 nosipsi
2162 1846 2484 1927 saclamuS,
2532 1847 2632 1910 cui
2664 1846 2924 1909 dubium

670 1950 768 2013 est
813 1947 963 2031 quin
1006 1948 1124 2031 ipsi
1156 1966 1267 2014 uos
1300 1949 1532 2014 nostris
1565 1950 1926 2014 criminibus
1956 1950 2331 2033 puniamus?
2379 1951 2523 2031 quia
2556 1952 2923 2032 quicumque
2944 1973 3001 2014 ιε

670 2051 779 2117 dat
847 2070 1099 2117 causam
1167 2071 1286 2134 qua
1352 2052 1667 2135 puniatur,
1744 2055 1873 2135 ipse
1940 2072 2003 2119 se
2070 2054 2253 2137 punit
2321 2055 2663 2118 secundum
2728 2053 2922 2117 illud:

669 2154 993 2221 funibus
1038 2158 1547 2239 peccatorum
1591 2176 1902 2222 suorum
1949 2160 2489 2240 unusquisque
2538 2155 2925 2221 constrin-

667 2260 909 2342 gitur.
988 2278 1132 2343 ergo
1179 2262 1231 2325 si
1277 2259 1532 2326 funibus
1576 2265 1968 2345 peccatorum
2014 2279 2265 2326 suorum
2311 2261 2589 2343 peruersi
2644 2259 2923 2324 homines

668 2361 1028 2448 alligantur,
1074 2362 1207 2446 ipse
1253 2381 1318 2428 se
1365 2364 1825 2447 absquedubio
1872 2363 2095 2448 alligat
2137 2366 2424 2447 peccator
2457 2365 2735 2446 quisque,
2783 2383 2924 2428 cum

665 2473 896 2551 peccat.
2941 2491 3003 2531 20·

606 2584 646 2648 9
750 2591 833 2655 ΙΙ.
898 2587 1017 2655 Sed
1076 2589 1225 2671 quia
1283 2592 1357 2653 de
1416 2590 1786 2672 impuritate
1832 2589 2126 2654 Afrorum
2185 2589 2311 2653 iam
2371 2589 2573 2654 multa
2634 2591 2919 2667 diximuS,

666 2712 834 2758 nunc
879 2697 953 2758 de
1009 2692 1410 2776 blasphemiis
1478 2693 1693 2756 saltim
1759 2710 1958 2774 pauca
2024 2693 2341 2769 dicamus;
2408 2693 2687 2775 professa
2756 2693 2922 2756 enim

664 2795 799 2860 illic
835 2795 1070 2878 iugiter
1099 2795 1508 2877 plurimorum
1539 2796 1873 2881 paganitas
1920 2795 2060 2860 fuit.
2123 2796 2439 2862 habebant
2484 2797 2711 2880 quippe
2754 2798 2922 2861 intra

664 2916 874 2962 muros
948 2898 1181 2981 patrios
1257 2899 1627 2965 intestinum
1704 2900 1939 2983 scelus,
2010 2899 2358 2965 Caelestem
2428 2900 2605 2965 illam
2682 2899 2923 2964 scilicet

869 3102 902 3154 2
940 3101 1044 3157 Isa.
1080 3102 1162 3167 50,
1201 3104 1262 3157 11
1415 3104 1449 3158 3
1485 3103 1626 3159 Psal.
1667 3106 1699 3158 7
1848 3107 1881 3160 9
1917 3106 1946 3160 I
1983 3106 2119 3160 Tim.
2157 3107 2205 3173 2,
2240 3107 2276 3161 4
2422 3108 2486 3161 17
2523 3107 2664 3160 Psal.
2703 3106 2816 3171 118,
2855 3105 2920 3158 61

768 3296 793 3348 1
844 3292 1092 3362 quociens
1142 3293 1197 3346 Β
1402 3295 1437 3347 2
1481 3295 1617 3349 illud
1658 3310 1758 3349 om.
1796 3296 1851 3348 A
2057 3295 2093 3349 4
2138 3295 2279 3364 quod
2315 3295 2372 3348 Β
2406 3310 2547 3349 corr.
2586 3311 2656 3349 ex
2690 3295 2784 3363 qui

663 3383 694 3435 7
731 3381 811 3450 ac]
851 3382 905 3434 et
941 3380 996 3434 Β
1205 3379 1366 3433 uellit
1398 3381 1592 3449 priore
1624 3381 1645 3434 1
1675 3386 1876 3450 punct.
1913 3382 1968 3434 A
2177 3381 2240 3434 12
2286 3380 2465 3449 puniri
2504 3397 2537 3434 a
2572 3381 2744 3449 nobis]
2792 3381 2929 3436 him·

662 3467 864 3534 incipit
898 3471 1235 3535 postremum
1270 3465 1387 3520 cod.
1423 3467 1478 3519 A
1512 3467 1725 3533 folium,
1760 3467 1823 3519 iu
1858 3467 2016 3520 cuius
2045 3467 2255 3536 paqina
2290 3467 2567 3520 anteriore
2593 3481 2782 3533 pauca
2818 3467 2921 3536 legi

661 3568 777 3606 uon
814 3557 1051 3619 possunt
1095 3552 1213 3605 alia
1261 3566 1394 3605 uero
1442 3552 1683 3606 abscissa
1727 3557 1890 3618 sunt5
1934 3552 2211 3619 posterior
2238 3552 2452 3621 payina
2477 3569 2667 3620 pauca
2700 3557 2921 3606 tautum

661 3636 821 3690 habet
855 3651 997 3703 quae
1032 3641 1174 3690 certo
1211 3636 1318 3705 legi
1343 3642 1579 3703 possunt
1607 3637 1879 3705 pleraque
1917 3652 2150 3704 prorsus
2185 3642 2570 3702 euauueruut5
2621 3638 2766 3691 hanc
2800 3636 2920 3691 cod.

660 3721 715 3774 Β
746 3727 963 3789 partem
996 3720 1177 3776 denuo
1201 3737 1378 3775 meum
1399 3723 1461 3775 in
1484 3738 1644 3776 usum
1668 3723 1907 3777 contulit
1940 3723 2178 3777 OKeller
2370 3723 2433 3776 13
2469 3725 2531 3776 ut
2565 3723 2907 3791 puniamur-

662 3806 767 3875 ipsi
813 3805 1066 3861 faciamus
1113 3823 1212 3861 om.
1248 3807 1303 3861 Β
1338 3823 1408 3860 m.
1447 3812 1476 3861 1
1689 3808 1755 3861 14
1798 3807 1986 3876 punire
2020 3808 2132 3862 AB
2168 3811 2262 3862 ‘au
2297 3809 2494 3877 puniri'
2529 3809 2792 3863 Halmius
2827 3810 2926 3863 cui

663 3892 945 3958 assentior,
980 3893 1092 3947 uisi
1113 3892 1259 3958 forte
1286 3898 1413 3961 post
1435 3895 1615 3947 autem
1641 3892 1905 3947 excidisse
1929 3910 2048 3946 eum
2072 3894 2261 3956 malis;
2297 3894 2484 3961 punire
2510 3910 2605 3947 nos
2630 3894 2785 3947 deum
2811 3894 2918 3962 ipsi

663 3980 802 4034 coni.
848 3979 1254 4035 Rittershusius
1460 3981 1686 4033 facimus
1734 3979 1894 4046 libri;
1939 3980 2117 4034 ‘immo
2162 3979 2436 4034 faciamus’
2483 3980 2744 4033 Halmius
2778 3979 2920 4047 quod

660 4065 844 4133 recepi
1049 4067 1114 4119 15
1147 4063 1433 4134 puniamur
1472 4065 1527 4119 Β
1576 4065 1863 4134 puniamus
1898 4065 1978 4130 A,
2016 4065 2162 4134 quod
2196 4066 2265 4120 ab
2300 4066 2543 4120 auctoris
2575 4082 2751 4119 mauu
2778 4081 2922 4133 pro-

660 4150 865 4216 fectum
909 4155 1016 4206 este
1061 4151 1249 4221 colligo
1297 4167 1364 4206 eoe
1407 4168 1581 4220 παρη·
1635 4152 1763 4220 quia
1795 4189 1841 4203 ..
1864 4189 1876 4202 .
1898 4152 2051 4220 ,ipse
2098 4168 2152 4206 se
2198 4154 2359 4221 punit
2407 4158 2460 4207 et
2496 4157 2653 4220 post.-
2706 4151 2819 4219 ipse
2864 4167 2927 4204 se

659 4237 858 4306 alligat
1065 4238 1129 4291 17
1164 4239 1954 4307 unusquisque—peccatorum
1991 4255 2203 4292 suorum
2241 4254 2340 4293 om.
2377 4239 2431 4291 A

612 4449 1099 4654 ”N
