3380 4919
558 227 688 301 248
1536 225 1852 280 Saluiani

565 434 697 480 esse
757 415 986 492 debita,
1048 434 1309 497 quorum
1367 417 1495 482 sint
1538 417 1723 496 plura
1761 419 2041 498 peccata.
2124 416 2288 497 quod
2331 416 2462 481 tale
2508 418 2606 481 est
2647 435 2723 482 ac
2767 417 2822 481 si

566 518 877 602 quispiam
921 519 1118 585 dicat:
1176 519 1312 584 ideo
1359 539 1472 604 ego
1519 539 1659 585 sum
1704 521 2025 604 innocenS‚
2070 519 2215 602 quia
2261 521 2421 589 alius
2465 521 2665 604 magis
2711 539 2822 586 no·

567 639 714 687 cens
760 625 873 703 est,
917 622 1057 689 ideo
1088 640 1201 705 ego
1247 624 1470 702 iustus,
1519 624 1666 705 quia
1696 623 1859 688 alter
1889 623 2181 702 iniustus,
2226 621 2365 688 ideo
2396 641 2510 706 ego
2541 624 2819 705 adprime

565 725 785 803 11011118,
832 726 976 808 quia
1021 726 1180 795 alius
1225 726 1625 809 singulariter
1669 727 1894 792 malus,
1954 728 2085 791 iam
2127 726 2405 809 primum
2437 726 2606 791 enim
2647 727 2819 792 inde-

567 845 781 893 corum
840 828 964 899 ,hoc
1029 833 1280 894 sanctae
1347 830 1547 895 menti
1612 830 1730 909 est,
1796 830 1872 894 ut
1929 830 2090 894 bona
2144 848 2262 895 sua
2320 848 2595 895 crescere
2638 831 2818 896 malis
2865 848 2890 890 ⁵

565 932 904 997 arbitretur
963 932 1182 997 alienis
1230 934 1294 997 et
1347 933 1675 998 meliorem
1732 951 1797 996 se
1841 951 1977 998 esse
2041 933 2332 999 aestimet
2388 934 2822 1014 conparatione

565 1034 863 1118 peiorum.
938 1035 1443 1102 infelicissimum
1499 1036 1668 1101 enim
1727 1037 2167 1102 consolationis
2210 1055 2404 1119 genus
2448 1039 2542 1101 est
2586 1037 2661 1101 de
2707 1039 2823 1101 mi-

568 1137 750 1204 seriis
817 1137 1142 1204 hominum
1208 1143 1609 1220 peccatorum
1677 1157 1897 1220 capere
1963 1140 2192 1205 solacia
2212 1187 2229 1218 ‚
2296 1158 2442 1204 cum
2507 1141 2823 1222 apostolus

566 1241 836 1327 gaudere
881 1261 992 1307 nos
1038 1260 1178 1309 cum
1237 1241 1654 1326 gaudentibus
1713 1241 1927 1306 iubeat
1972 1244 2035 1307 et
2079 1243 2304 1308 deflere
2349 1262 2493 1308 cum
2535 1243 2825 1309 flentibus

569 1349 634 1412 et
678 1364 802 1412 non
848 1365 1003 1428 quae
1049 1364 1163 1411 sua
1205 1347 1352 1410 sunt
1396 1345 1674 1429 singulos
1722 1346 2018 1429 cogitare,
2067 1345 2176 1410 sed
2221 1365 2295 1411 ea
2338 1365 2494 1428 quae
2537 1347 2821 1411 aliorum.
2844 1367 2894 1408 ιο

468 1451 552 1518 10
568 1449 680 1515 sed
734 1453 865 1516 esto
920 1451 1275 1517 istiusmodi
1332 1451 1688 1534 conparatio
1744 1449 1914 1515 insta
1967 1451 2155 1531 atque
2198 1450 2463 1515 honesta
2506 1447 2826 1515 uideatur:

569 1553 873 1636 numquid
916 1553 1109 1620 etiam
1153 1554 1278 1619 fida
1323 1554 1672 1619 existimari
1716 1557 1966 1637 potest?
2012 1555 2151 1636 quis
2200 1555 2369 1618 enim
2399 1555 2475 1618 de
2510 1554 2622 1619 illo
2648 1558 2824 1618 tanto

570 1675 643 1721 ac
684 1662 816 1722 tam
860 1656 1132 1722 terribili
1176 1657 1387 1723 futuro
1434 1657 1535 1722 dei
1578 1656 1809 1723 iudicio
1862 1658 2012 1721 satis
2071 1659 2277 1721 certus
2324 1657 2466 1721 est?
2534 1659 2645 1721 aut
2688 1655 2825 1737 quis

568 1760 774 1826 dicere
819 1762 1060 1842 potest:
1106 1778 1222 1844 ego
1264 1759 1473 1825 minus
1518 1760 1709 1825 debeo
1755 1760 1862 1825 ille
1894 1763 2037 1842 plus
2070 1760 2299 1826 debet?
2344 1761 2483 1842 quis
2514 1762 2823 1843 postremo

570 1865 648 1928 de
708 1881 772 1928 se
839 1880 1232 1945 praesumere
1298 1866 1408 1928 aut
1475 1863 1551 1928 de
1617 1863 1739 1928 alio
1807 1864 2181 1945 desperare?
2254 1881 2521 1927 omnes
2588 1862 2822 1937 enim,
2844 1884 2896 1926 ιε

572 1967 777 2048 inquit
842 1965 1177 2049 apostolus,
1246 1967 1630 2033 stabimus
1698 1971 1879 2032 ante
1947 1966 2309 2032 tribunal
2363 1967 2700 2043 Christi,
2766 1966 2828 2029 et

472 2076 770 2145 llunus
836 2070 1165 2152 quisque
1219 2089 1439 2135 suum
1499 2089 1690 2137 onus
1750 2071 2136 2153 portabit.
2212 2072 2371 2136 nihil
2417 2088 2580 2152 ergo,
2626 2068 2830 2152 inquit

572 2174 821 2257 aliquis,
888 2172 1056 2241 inter
1118 2177 1362 2243 sanctos
1427 2176 1490 2239 et
1555 2178 1907 2258 peccatores
1977 2178 2118 2241 est?
2193 2174 2490 2238 multum
2526 2173 2710 2256 plane
2767 2174 2831 2235 et

573 2298 768 2361 paene
813 2277 1324 2347 inmensurabile.
1385 2280 1492 2344 sed
1528 2280 1684 2360 quia
1727 2279 2034 2361 scriptura
2064 2279 2213 2344 dicit
2250 2272 2549 2343 ‘beatus
2595 2277 2764 2340 hom
2779 2292 2831 2351 o,

575 2383 705 2466 qui
750 2401 1052 2465 semper
1096 2384 1216 2447 est
1259 2375 1654 2465 pauidus',
1692 2386 1758 2447 et
1798 2401 2143 2465 numquam
2189 2384 2288 2446 est
2316 2384 2391 2446 de
2437 2381 2643 2445 salute
2686 2395 2903 2463 pro-so

573 2486 714 2572 pria
778 2506 956 2552 mens
1023 2506 1244 2553 secura
1309 2488 1634 2569 sapientis,
1702 2489 1850 2554 licet
1915 2488 2189 2553 multum
2250 2488 2413 2552 inter
2472 2486 2722 2550 sanctos
2767 2489 2832 2547 et

575 2593 924 2673 peccatores
967 2592 1074 2668 sit,
1119 2609 1345 2675 quaero
1388 2592 1600 2656 tamen
1644 2592 1728 2656 ab
1762 2590 2055 2656 omnibus
2100 2590 2470 2673 religionem
2513 2586 2829 2671 professis,

577 2692 718 2775 quis
777 2692 898 2759 sibi
953 2695 1124 2760 iuxta
1181 2712 1360 2760 suam
1415 2694 1865 2760 conscientiam
1917 2694 2073 2759 satis
2132 2695 2382 2758 sanctus
2444 2692 2531 2756 sit
2574 2691 2713 2774 quis
2758 2690 2835 2753 de

572 2796 689 2864 illa
743 2796 942 2862 futuri
987 2797 1283 2863 examinis
1327 2798 1654 2866 tremenda
1708 2798 2041 2862 seueritate
2085 2815 2208 2862 non
2252 2795 2531 2879 trepidus
2576 2794 2714 2876 quis
2759 2794 2834 2857 de

476 2902 557 2968 12
571 2902 879 2983 perpetua
922 2900 1359 2966 incolumitate
1404 2899 1707 2965 securus?
1752 2899 1916 2982 quod
1960 2902 2014 2965 si
2059 2900 2275 2981 utique
2319 2916 2441 2963 non
2487 2901 2599 2979 est,
2646 2897 2907 2963 sicuti„

574 3020 779 3084 ¹neque
827 3020 957 3068 esse
1003 3004 1206 3086 debet,
1255 3002 1422 3068 dicat
1465 3003 1644 3081 mihi,
1692 3004 1962 3081 obsecro,
2025 3003 2291 3085 quilibet
2333 3002 2681 3080 hominum,
2729 3018 2838 3065 cur

581 3124 708 3171 non
729 3105 902 3172 totis
944 3105 1342 3171 substantiae
1382 3124 1533 3171 suae
1577 3107 1819 3172 uiribus
1861 3107 1930 3171 id
1978 3106 2307 3182 adnititur,
2353 3107 2427 3169 ut
2471 3104 2574 3169 nel
2618 3105 2837 3169 mortis

584 3210 909 3275 deuotione
956 3210 1231 3276 redimat
1274 3210 1575 3293 quidquid
1618 3211 1790 3275 uitae
1834 3210 2164 3276 offensione
2212 3208 2565 3274 contraxit?
2621 3226 2839 3289 quam·

578 3483 583 3490 .
787 3433 823 3488 8
869 3431 1023 3486 Rom.
1062 3432 1128 3488 12
1197 3431 1340 3488 Phil.
1373 3432 1408 3486 2
1618 3432 1687 3487 15
1733 3434 1886 3488 Rom.
1923 3431 2009 3497 14,
2045 3430 2112 3485 10
2319 3430 2381 3484 17
2429 3428 2550 3484 Gal.
2585 3428 2638 3495 6,
2670 3428 2707 3482 4

586 3519 651 3572 19
698 3518 860 3573 Pron.
895 3519 978 3585 28,
1018 3518 1084 3573 14

688 3724 723 3778 4
767 3723 905 3777 alins
949 3724 1014 3777 in
1047 3740 1158 3778 ras.
1204 3724 1260 3777 Β
1307 3730 1360 3778 et
1402 3723 1575 3789 fuisse
1609 3723 1837 3778 uidctwr
1872 3724 2011 3777 alter
2046 3726 2133 3791 (ut
2167 3730 2244 3779 est
2277 3724 2343 3777 in
2378 3722 2429 3790 b)
2637 3722 2671 3775 6
2716 3719 2846 3775 esti-

582 3811 700 3870 met
750 3809 806 3862 B
873 3809 1140 3872 existimet
1189 3811 1454 3872 Halmius
1697 3810 1729 3864 ’1
1788 3809 2174 3865 consulationis
2219 3811 2282 3868 Δ
2335 3814 2391 3864 et
2440 3824 2512 3863 m.
2564 3813 2597 3862 1
2654 3806 2724 3859 B„

585 3896 622 3949 9
666 3894 791 3952 flere
828 3896 913 3952 cd.
949 3898 1221 3957 Betucius
1256 3902 1402 3965 (cum
1434 3900 1511 3965 b).
1705 3899 1771 3954 15
1814 3897 2084 3965 disperare
2124 3896 2237 3951 AB
2444 3895 2511 3950 16
2539 3892 2746 3962 mquid
2792 3892 2849 3948 B

592 3982 657 4037 19
691 3996 858 4051 poene
894 3984 951 4046 Β
1148 3983 1222 4044 ⁴25
1264 3984 1633 4046 incolomitate
1678 3982 1735 4040 B
1939 3983 1989 4039 si
2031 3998 2131 4039 om.
2163 3982 2226 4037 ,Β
2399 3981 2499 4036 ,21
2529 3981 2596 4035 m
2625 3977 2847 4045 ‚mniti-

586 4070 942 4227 :zluliglqaglffi
966 4072 1412 4139 transpositionis
1444 4087 1512 4128 m.
1549 4074 1592 4127 2
1625 4070 1834 4127 additia
1865 4069 1923 4125 B
1963 4101 1966 4106 ·
2126 4070 2195 4124 28
2242 4066 2747 4139 quicquid·roeuura
2780 4080 2849 4119 ex
