3380 4919
654 272 782 336 290
1631 269 1940 323 86161661

660 462 892 543 quanto
936 459 1168 537 studio,
1216 459 1630 525 infelicissimi
1675 458 1981 538 1161111666,
2043 460 2106 524 id
2152 460 2417 540 efficitis,
2477 462 2550 524 ut
2595 463 2803 526 miseri
2849 462 2914 526 in

659 562 1035 628 aeternitate
1077 562 1250 627 sitis!
1326 566 1554 646 quanto
1601 561 1842 628 minore
1887 581 2036 628 cura
2079 564 2315 628 minore
2347 563 2592 629 ambitu
2636 566 2701 628 id
2732 564 2915 630 uobis

657 667 975 748 praestare
1019 665 1342 748 potuistis,
1389 667 1460 730 ut
1495 683 1739 748 semper
1769 666 1939 731 beati
1970 685 2101 731 esse
2131 667 2412 750 possitis!
2460 670 2631 732 66166
2662 668 2915 749 quidem

660 770 752 834 rei
818 787 1069 835 causam
1137 769 1324 834 aliam
1393 769 1640 834 omnino
1709 768 1989 833 inuenire
2050 788 2173 834 non
2223 762 2485 852 'possum
2540 770 2665 835 nisi
2720 771 2917 836 solam

660 875 1095 940 tantummodo
1140 873 1655 938 incredulitatem*
1694 873 1880 956 atque
1924 874 2271 956 perfidiam,
2327 873 2394 938 id
2440 878 2553 954 est,
2601 874 2764 956 quod
2808 877 2918 940 aut
2960 895 2988 936 ⁵

658 976 1022 1042 iudicandos
1054 997 1118 1042 se
1149 996 1185 1042 a
1213 977 1328 1042 deo
1371 978 1651 1042 homines
1700 995 1831 1040 esse
1877 993 1997 1041 non
2042 979 2270 1058 putant
2313 978 2423 1041 aut
2466 981 2917 1043 resurrecturos

660 1080 913 1145 omnino
973 1098 1100 1144 6666
1158 1098 1281 1145 non
1334 1080 1614 1145 credunt.
1689 1096 1869 1144 nemo
1916 1082 2010 1145 est
2055 1081 2223 1145 enim
2268 1081 2375 1162 qui
2420 1083 2919 1145 resurrecturum

660 1202 729 1248 se
774 1186 838 1249 et
881 1181 1289 1248 iudicandum
1335 1201 1373 1248 a
1418 1186 1527 1249 deo
1573 1186 1647 1249 de
1694 1181 1983 1263 operibus
2029 1182 2208 1249 bonis
2240 1201 2312 1249 ac
2342 1184 2529 1249 malis
2563 1186 2770 1249 certus
2812 1184 2917 1267 sit,

663 1288 768 1368 qui
825 1306 947 1352 non
1005 1287 1106 1351 uel
1160 1286 1293 1369 spei
1348 1304 1421 1350 ac
1478 1285 1859 1351 beatitudini
1914 1304 2063 1352 suae
2118 1288 2409 1368 praestet,
2466 1288 2540 1351 ut
2584 1305 2694 1370 pro
2739 1288 2919 1352 bonis

662 1389 844 1454 rebus
903 1390 1194 1473 perennia
1247 1390 1409 1463 bona
1467 1389 1692 1471 capiat,
1749 1388 1851 1453 uel
1909 1389 2119 1455 timori
2180 1393 2362 1472 atque
2419 1390 2793 1471 discrimini,
2839 1411 2917 1456 ne
2938 1415 2991 1455 ιο

662 1511 773 1575 pro
820 1495 1004 1559 malis
1051 1494 1219 1558 mala
1263 1496 1516 1557 aeterna
1557 1492 1859 1574 patiatur.

559 1621 645 1688 62
747 1615 884 1680 XV.
959 1613 1080 1679 Sed
1152 1614 1480 1678 abhorrere
1552 1613 1670 1677 hoc
1745 1613 2044 1677 uidelicet
2118 1632 2155 1677 a
2230 1611 2589 1678 Christiano
2667 1615 2919 1679 nomine

664 1717 937 1793 uidetur,
984 1720 1056 1780 ut
1102 1716 1345 1780 dicatur
1388 1714 1599 1780 futura
1643 1734 1761 1779 non
1814 1719 2079 1781 credere.
2159 1716 2307 1799 quid
2354 1734 2497 1799 ergo
2561 1735 2779 1781 causae
2823 1722 2919 1782 est

665 1824 756 1898 ut,
805 1819 862 1883 si
907 1818 1106 1883 credit
1151 1836 1308 1899 quae
1354 1817 1514 1882 dixit
1561 1819 1733 1896 (1666,
1782 1837 1902 1882 666
1950 1820 2172 1883 timeat
2203 1837 2360 1900 quae
2406 1820 2684 1885 minatur
2726 1820 2920 1885 deus?

666 1924 721 1986 si
767 1940 889 1986 non
935 1922 1130 1987 credit
1173 1922 1382 1987 uerbis
1429 1940 1585 2004 quae
1631 1922 1794 1987 dixit
1823 1910 1994 1997 deus,
2045 1941 2167 1987 non
2199 1925 2409 1989 credat
2439 1924 2729 2006 praemiis
2762 1942 2920 2005 quae
2941 1946 2992 1988 15

665 2025 984 2108 promittit
1027 2026 1177 2091 deus
1198 2029 1229 2090 Ρ
1274 2044 1469 2107 neque
1515 2025 1685 2090 enim
1717 2044 1781 2089 se
1826 2025 2051 2107 probat
2095 2026 2604 2108 promissionibus
2649 2027 2747 2091 (161
2793 2046 2922 2092 cre·

667 2129 809 2194 dere
868 2129 975 2212 qui
1030 2147 1154 2194 non
1199 2130 1288 2195 sic
1333 2131 1485 2213 agit,
1551 2134 1621 2194 ut
1677 2126 1875 2212 possit
1934 2133 2011 2195 ad
2056 2130 2358 2211 promissa
2405 2149 2443 2196 a
2487 2134 2599 2196 deo
2645 2131 2924 2212 praemia

565 2241 648 2307 63
667 2235 1007 2316 peruenire.
1084 2235 1148 2298 in
1194 2234 1349 2317 ipsa·
1377 2233 1602 2315 quippe
1660 2233 1780 2298 hac
1827 2233 1961 2298 uita
2008 2233 2349 2316 hominum,
2417 2235 2470 2298 si
2514 2234 2925 2298 iudicandum

671 2355 736 2401 66
782 2336 1008 2418 aliquis
1053 2339 1131 2403 ab
1173 2337 1448 2402 humana
1492 2336 1609 2418 hac
1652 2338 1962 2418 potestate
2009 2338 2071 2401 et
2116 2339 2486 2420 rapiendum
2521 2341 2596 2402 ad
2644 2337 2922 2402 tribunal

669 2441 986 2506 terrenum
1031 2459 1166 2507 6666
1211 2439 1591 2526 cognouerit,
1640 2440 1977 2506 aduocatos
2022 2440 2286 2523 requirit
2330 2443 2622 2525 patronos
2668 2440 2922 2508 adhibet
2943 2464 2994 2503 20

670 2544 1038 2610 officialium
1083 2546 1355 2628 gratiam
1399 2545 1802 2627 fauoremque
1848 2547 2179 2625 mercatur,
2226 2546 2291 2609 et
2327 2544 2479 2611 11666
2511 2544 2722 2611 616616
2752 2546 2923 2611 metu

668 2649 884 2715 iudicii
927 2650 1129 2715 futuri
1175 2650 1331 2733 agit,'
1375 2668 1517 2713 cum
1562 2651 1775 2712 tamen
1821 2652 2120 2713 euentum
2170 2649 2379 2714 iudicii
2429 2668 2758 2731 conparare
2802 2668 2924 2714 non

670 2755 887 2836 possit.
962 2754 1114 2818 adeo
1182 2752 1302 2817 etsi
1368 2752 1698 2817 uictoriam
1765 2771 1966 2817 emere
2032 2753 2235 2835 ipsam
2299 2771 2423 2817 non
2492 2753 2679 2829 ualet,
2749 2771 2925 2834 spem

569 2863 653 2929 64
671 2860 883 2921 tamen
941 2856 1240 2921 uictoriae
1293 2874 1522 2938 magno
1580 2857 1756 2921 emit.
1834 2855 1932 2920 dic
1990 2857 2169 2935 mihi,
2217 2858 2494 2939 quisquis
2536 2857 2644 2921 ille
2689 2875 2773 2933 es,
2820 2855 2928 2940 qui

675 2961 918 3025 credere
963 2959 1025 3023 te
1070 2959 1367 3025 iudicium
1415 2959 1517 3024 dei
1562 2960 1737 3038 (11616,
1784 2960 1855 3024 tu
1887 2961 1938 3025 si
1984 2962 2087 3024 uel
2116 2961 2617 3042 supradictorum
2649 2960 2926 3042 exemplo
2944 2979 2996 3021 25

672 3062 996 3127 hominum
1055 3063 1453 3129 iudicandum
1498 3064 1563 3126 te
1609 3081 1741 3130 esse
1788 3082 1826 3128 a
1870 3067 1981 3129 (166
2029 3067 2331 3142 61666166,
2391 3081 2592 3128 11611116
2638 3082 2810 3146 spem
2857 3080 2928 3127 ac

673 3167 940 3232 salutem
1006 3170 1185 3232 tuam
1260 3167 1538 3250 quolibet
1610 3169 1811 3251 pretio
1879 3187 2244 3252 conparares
2264 3168 2297 3233 1>
2370 3168 2475 3232 sed
2540 3187 2663 3233 non
2731 3166 2964 3232 credis·

674 3270 909 3352 utique,
978 3289 1099 3336 non
1166 3270 1381 3356 credie,
1452 3276 1512 3335 et
1570 3272 1722 3336 licet
1783 3272 2217 3338 credulitatem
2277 3275 2453 3337 tuam
2512 3272 2717 3336 uerbis
2771 3269 2928 3335 uelis

773 3512 806 3563 9
859 3512 1096 3578 praestet
1152 3510 1207 3563 Β
1263 3512 1370 3564 stet
1420 3511 1484 3564 in
1536 3511 1635 3576 fin.
1694 3512 1795 3565 lin.
1848 3528 1916 3566 m.
1970 3515 2010 3565 2
2063 3513 2221 3578 add.,
2278 3512 2443 3566 initio
2495 3527 2603 3579 seq.
2656 3526 2794 3564 eras.

673 3597 741 3651 10
789 3596 946 3650 rebus
989 3597 1134 3663 ΛΦ)
1183 3597 1430 3664 6116111166
1466 3596 1521 3649 Β
1556 3602 1608 3651 et
1645 3597 1765 3651 edd.
1804 3614 1927 3652 cum
1963 3598 2193 3652 Halmio
2229 3599 2326 3667 qui
2360 3598 2502 3652 ‘nihil
2538 3597 2759 3663 admot.,·
2812 3611 2931 3651 cer-

671 3688 848 3737 torum
884 3682 955 3747 cf.
980 3688 1029 3746 §-
1054 3685 1128 3737 85
1137 3704 1154 3734 .·
1192 3682 1352 3737 uerba
1387 3698 1480 3750 pro
1516 3682 1672 3736 rebus
1710 3689 1761 3737 et
1798 3699 1955 3751 quem
1982 3688 2074 3748 (66.
2100 3683 2280 3750 (166111)
2313 3683 2471 3737 rebus
2500 3686 2662 3751 atque
2687 3681 2932 3753 operibus

671 3769 784 3822 tuis
822 3768 1048 3837 despicis
1254 3769 1444 3824 timore
1497 3769 1552 3822 Β
1762 3769 1824 3822 17
1880 3770 2000 3838 agit
2048 3786 2116 3823 ex
2162 3786 2319 3838 agere
2365 3786 2503 3824 corr.
2547 3786 2617 3823 m.
2653 3772 2694 3823 2
2742 3768 2797 3821 Β

676 3856 743 3908 18
776 3857 875 3909 1166
898 3857 1033 3926 uita]
1059 3857 1236 3911 aetina
1272 3857 1323 3910 B
1498 3857 1563 3910 19
1588 3855 1901 3924 rapiendum
1925 3873 1981 3911 66
2006 3856 2088 3910 ed.
2114 3858 2392 3911 Baluzius
2562 3857 2632 3909 22
2657 3870 2934 3924 conparare

674 3942 794 4010 (sic)
833 3943 888 3995 A
919 3948 983 3996 ut
1016 3943 1205 3996 statim
1241 3953 1576 4011 conpararcs:
1614 3957 1915 4010 comparare
1952 3943 2294 4007 BHalmius,
2335 3943 2430 4011 qm·
2462 3943 2605 3997 idem
2628 3943 2797 3996 altero
2822 3943 2935 3996 loco

676 4045 985 4098 conparares
1022 4030 1233 4083 exhibet
1403 4030 1472 4083 25
1508 4028 1715 4083 credere
1750 4031 1805 4082 te
1841 4041 1908 4083 ex
1944 4030 2199 4084 crederdoe
2234 4045 2373 4085 corr.
2409 4046 2476 4082 m.
2502 4034 2537 4082 2
2572 4030 2627 4081 A
2801 4027 2935 4082 dicis

674 4132 746 4170 ex
770 4115 912 4169 dices
938 4129 1074 4169 corr.
1100 4131 1168 4169 m.
1194 4117 1234 4168 2
1257 4115 1312 4167 Β
1487 4115 1753 4181 exemplo*
1786 4130 1923 4169 eras,
1959 4125 1996 4167 rt
2033 4116 2086 4168 A
2256 4116 2325 4169 26
2360 4116 2435 4184 ac]
2460 4114 2528 4168 ad
2553 4115 2608 4168 Β
2777 4113 2846 4166 28
2881 4115 2936 4165 et

679 4202 1004 4256 licet—non
1031 4200 1199 4255 credis
1222 4200 1284 4254 in
1306 4215 1474 4269 mary.
1500 4199 1632 4253 add.
1658 4216 1727 4253 m.
1754 4203 1795 4254 2
1820 4202 1874 4254 B
2076 4200 2254 4254 uerbis
2281 4202 2393 4254 tuis
2420 4199 2501 4254 ed.
2527 4200 2798 4254 Bazuzius

350 4427 841 4606 α,
