3380 4919
1167 299 1247 353 ad
1282 300 1633 354 ecclesiam
1681 300 1712 354 Ι
1748 300 1780 367 ξ
1819 300 2036 353 18-24.
2605 302 2731 367 231

472 492 617 558 illos
664 490 867 557 officio
911 509 987 557 ac
1026 492 1249 558 timore
1294 490 1541 556 diuino:
1589 490 1717 556 sibi
1760 509 1881 573 quo
1918 491 2147 556 modo?
2189 490 2263 554 ut
2305 489 2733 556 thesaurizent

472 597 593 662 sibi
660 596 985 661 thesauros
1050 597 1115 661 in
1162 596 1366 661 caelo.
1439 593 1701 660 mirifice
1765 594 2030 673 scilicet,
2097 595 2192 672 ut,
2260 594 2403 676 quia
2468 593 2735 675 pecunia

474 699 705 765 caduca
749 702 846 765 est
889 698 1225 782 disciplina
1265 698 1643 777 inmortalis,
1692 699 1758 763 et
1787 716 2000 764 omnes
2031 698 2227 763 ferme
2267 698 2560 780 parentes
2588 698 2732 779 plus

471 805 687 869 amant
744 801 908 867 filios
968 820 1156 884 quam
1199 820 1262 867 se
1306 800 1490 884 ipsoS,
1550 800 1674 866 sibi
1733 800 2055 870 conferant
2099 800 2263 865 bona
2307 800 2541 865 caduca
2580 800 2733 865 filiis

428 930 455 971 ⁵
471 902 870 989 sempiterna,
927 924 998 971 ac
1055 907 1146 970 sic
1202 906 1267 969 et
1306 905 1531 987 pietati
1588 922 1741 969 suae
1803 904 2133 969 consulant
2188 904 2252 973 et
2307 904 2523 982 saluti,
2588 922 2734 969 cum

470 1008 703 1092 duplici
766 1010 956 1090 atque
1011 1008 1334 1073 inmortali
1393 1008 1552 1073 bono
1596 1011 1659 1073 et
1717 1026 1826 1089 per
1879 1027 1968 1088 ea,
2037 1025 2192 1091 quae
2253 1010 2505 1074 aeterna
2563 1009 2730 1089 sunt,

472 1116 756 1178 aeternos
801 1130 932 1177 esse
977 1111 1139 1176 filios
1169 1128 1314 1176 suos
1357 1111 1598 1176 faciant
1644 1113 1711 1176 et
1742 1111 1823 1176 ad
1854 1112 2343 1194 conquirendam
2373 1110 2496 1176 sibi
2529 1111 2730 1176 beati-³

470 1214 754 1279 tudinem
799 1235 894 1297 ea,
958 1232 1115 1297 quae
1171 1215 1543 1280 naturaliter
1587 1215 1818 1279 caduca
1874 1218 2045 1298 sunt,
2105 1216 2281 1280 bonis
2326 1214 2619 1297 operibus
2664 1214 2730 1279 in
2799 1276 2828 1284 .,

469 1321 723 1382 aeterna
765 1319 1156 1384 conuertant.
1226 1317 1377 1399 quid
1434 1335 1578 1401 ergo
1625 1323 1896 1397 aestuas,
1954 1322 2217 1400 paterna
2258 1319 2461 1401 pietas
2477 1321 2508 1383 ?
2578 1319 2729 1400 quid
2751 1309 2836 1375 22

400 1449 451 1490 ιο
466 1420 546 1485 ad
593 1421 1012 1503 conquirenda
1070 1423 1316 1487 terrena
1361 1425 1426 1485 et
1486 1420 1764 1503 peritura
1824 1423 2242 1488 distenderis?
2305 1422 2468 1486 nihil
2526 1422 2730 1487 maius

466 1529 782 1605 praestare
825 1524 972 1590 filiis
1016 1526 1209 1608 potes,
1256 1543 1443 1607 quam
1486 1526 1538 1589 si
1582 1525 1701 1590 hoc
1733 1527 1967 1591 bonum
1996 1544 2105 1607 per
2134 1528 2198 1590 te
2228 1525 2518 1603 habeant,
2565 1527 2729 1606 quod

466 1647 814 1711 numquam
856 1631 1107 1710 penitus
1151 1628 1470 1694 amittant.
1538 1646 1662 1693 non
1707 1647 1957 1694 necesse
2000 1632 2097 1694 est
2141 1647 2286 1713 ergo
2329 1633 2403 1693 ut
2445 1629 2573 1694 filio
2619 1632 2728 1693 tuo

466 1733 741 1797 terrenos
809 1732 1131 1798 thesauros
1199 1731 1525 1796 recondas:
1594 1733 1771 1797 nulla
1836 1751 1901 1797 re
1962 1751 2109 1798 eum
2178 1733 2369 1798 facies
2438 1732 2729 1797 ditiorem

468 1853 654 1917 quam
700 1835 752 1899 si
797 1834 1004 1917 ipsum
1048 1833 1252 1900 filium
1296 1838 1481 1898 tuum
1525 1834 1891 1900 thesaurum
1938 1836 2037 1901 dei
2083 1835 2327 1901 feceris.

397 1969 448 2010 ιε
549 1939 627 2004 V.
689 1939 1081 2021 Quamquam
1142 1938 1293 2002 haec
1348 1938 1498 2002 licet
1555 1956 1620 2002 se
1678 1939 1772 2004 ita
1828 1939 2099 2005 habeant
2155 1944 2220 2004 et
2277 1940 2407 2004 sint
2462 1958 2612 2004 uera
2656 1956 2730 2003 ac
2749 1930 2834 1996 23

466 2042 898 2118 saluberrima,
946 2047 1156 2107 tamen
1203 2059 1322 2106 non
1365 2039 1459 2104 ita
1503 2040 1726 2120 dicam,
1775 2043 1955 2124 quasi
1999 2042 2163 2108 filios
2207 2043 2391 2108 bonis
2422 2043 2486 2106 et
2529 2042 2727 2107 facul-

464 2147 702 2212 tatibus
758 2145 1037 2229 paternis
1094 2145 1347 2226 penitus
1404 2144 1754 2209 excludam.
1819 2146 1927 2210 sed
1974 2148 2051 2210 de
2093 2145 2207 2212 hoc
2251 2148 2470 2228 postea
2514 2147 2728 2228 dispu-

464 2250 764 2313 tabimus,
832 2248 1089 2312 interim
1145 2248 1291 2330 quia
1333 2264 1471 2311 reos
1514 2265 1579 2310 se
1627 2247 1878 2329 quidam
1926 2249 2170 2314 futuros
2215 2267 2338 2314 non
2383 2251 2627 2330 putant,
2673 2250 2730 2313 si

466 2351 853 2417 substantias
910 2369 1056 2416 suas
1111 2369 1236 2415 non
1297 2351 1376 2415 ad
1433 2351 1749 2433 euangelii
1807 2351 2099 2416 honorem
2155 2369 2278 2417 non
2333 2356 2411 2417 ad
2456 2355 2728 2418 salutem

394 2483 448 2524 »ο
466 2473 645 2520 suam
700 2472 818 2519 non
865 2456 941 2520 ad
998 2453 1203 2518 ullum
1262 2452 1540 2519 officium
1599 2454 1700 2518 dei
1743 2454 2092 2534 conferant,
2152 2455 2261 2519 sed
2304 2473 2419 2536 pro
2464 2454 2727 2520 libidine

466 2562 530 2622 et
572 2556 946 2624 infidelitate
991 2558 1482 2640 quibuscumque
1541 2559 1876 2624 heredibus
1920 2560 2154 2642 passim
2198 2560 2304 2624 uel
2347 2558 2727 2641 inreligiosis

465 2660 572 2726 uel
639 2662 1052 2744 locupletibus
1126 2659 1301 2742 inpia
1361 2663 1424 2725 et
1484 2664 1794 2743 paganica
1859 2660 2215 2746 <uanitate>
2281 2661 2727 2738 transcribant,

463 2764 792 2829 uideamus
849 2764 1124 2828 breuiter
1179 2764 1283 2827 uel
1328 2782 1365 2828 a
1409 2781 1529 2845 quo
1584 2766 1716 2828 sint
1775 2764 1957 2829 datae
2009 2764 2348 2830 facultates
2408 2766 2580 2847 ipsae
2621 2763 2731 2827 uel

466 2867 543 2932 ob
609 2868 760 2948 quid
828 2866 1030 2946 datae,
1104 2869 1178 2930 ut
1244 2885 1388 2931 cum
1445 2870 1509 2930 et
1564 2871 1880 2932 auctorem
1947 2872 2011 2931 et
2078 2885 2334 2932 causam
2399 2869 2583 2933 datae
2638 2868 2730 2932 rei

394 2997 446 3038 οι
466 2970 936 3051 ostenderimus,
984 2970 1236 3035 facilius
1282 2976 1347 3033 et
1390 2970 1473 3035 ad
1520 2988 1709 3052 quem
1751 2970 2077 3035 referenda
2110 2974 2172 3034 et
2200 2970 2269 3034 in
2313 2989 2497 3054 quem
2542 2990 2727 3036 usum

467 3074 838 3140 conferenda
881 3073 964 3138 sit
1010 3073 1352 3157 adprobare
1395 3073 1726 3155 possimus.
1774 3092 2023 3140 omnem
2075 3074 2496 3140 substantiam
2541 3094 2724 3140 mun·
2746 3069 2833 3138 24

564 3294 601 3348 4
648 3295 829 3348 ament
874 3295 985 3348 AB
1197 3296 1262 3349 19
1307 3294 1554 3362 euangeli
1599 3295 1656 3348 B
1863 3296 1929 3349 21
1978 3295 2309 3364 inreligiosis
2358 3311 2425 3349 ea:
2473 3298 2547 3350 -si
2584 3311 2725 3351 corr.

464 3397 533 3436 m.
571 3384 612 3436 2
663 3382 718 3434 B
942 3381 1010 3435 22
1064 3381 1416 3449 locopletibus
1467 3382 1523 3434 A.
1748 3387 1878 3435 ante
1932 3382 2081 3450 inpia
2130 3382 2396 3436 Halmius
2447 3382 2729 3450 suppleuit

464 3471 669 3534 mente3
721 3483 821 3521 nos
856 3467 1172 3522 addidimus
1206 3467 1452 3521 uanitate
1489 3467 1574 3534 (ut
1607 3473 1656 3531 §-
1694 3470 1787 3521 33:
1844 3468 2219 3521 infidelissima
2254 3469 2512 3534 uanitate,
2552 3482 2726 3534 prac-

465 3561 616 3610 terea
652 3554 763 3609 111
789 3557 863 3608 59
887 3560 939 3609 ct
963 3558 1034 3609 60
1067 3554 1441 3628 infelicissima
1476 3559 1528 3608 ct
1562 3554 1864 3608 miserrima
1899 3555 2171 3622 uanitat03
2208 3556 2312 3622 cfr.
2350 3570 2491 3623 qaae
2525 3554 2593 3607 de
2626 3555 2728 3611 hoc

465 3641 580 3694 loco
632 3638 1048 3708 disputauinms
1103 3639 1244 3695 Situ.
1259 3670 1282 3680 -
1295 3640 1431 3694 Ber.
1471 3657 1529 3707 p.
1574 3642 1647 3693 34
1681 3655 1758 3707 sq.
1769 3658 1792 3707 ,·
1845 3646 2088 3695 ceterum
2137 3646 2442 3695 memorata
2495 3640 2727 3710 dignum

465 3731 559 3788 cst,
595 3725 660 3778 in
693 3726 744 3778 A
776 3730 905 3794 post
941 3728 1199 3795 paganica
1233 3742 1273 3780 s.
1312 3742 1416 3780 scr.
1454 3741 1565 3780 esse
1599 3726 1987 3792 sollicitudine,
2021 3733 2087 3781 at
2120 3728 2294 3797 aalqo
2329 3728 2558 3797 lcqitm5
2593 3743 2724 3795 suffl-

462 3811 699 3878 plenisse
748 3811 894 3865 hanc
926 3826 1113 3866 uocem
1148 3817 1213 3865 at
1246 3827 1422 3879 supra
1453 3817 1504 3876 §-
1539 3814 1612 3866 12
1647 3812 1751 3865 erit
1786 3814 2008 3881 aliaque
2041 3813 2292 3881 suspicor
2327 3814 2395 3867 P.
2434 3813 2726 3868 Pithoeam

463 3898 620 3951 cuias
664 3913 862 3951 ‘nomm
907 3899 971 3951 in
1007 3899 1200 3966 prima
1243 3898 1444 3953 codicis
1479 3899 1693 3969 popina
1726 3899 1808 3953 bis
1841 3898 2183 3968 adom-imum
2219 3906 2298 3954 est
2331 3915 2593 3969 quemque
2626 3900 2726 3954 hoc

463 3982 645 4038 codice
678 3999 839 4037 usam
876 3999 986 4038 esse
1019 3983 1206 4038 arderi
1236 3984 1351 4037 iam
1385 3991 1530 4039 recte
1562 3985 1779 4039 moneat
1811 3985 2078 4039 Halmius
2104 3986 2290 4054 praef.
2322 4001 2456 4055 paq.
2502 3986 2595 4041 VI

462 4068 531 4122 24
577 4070 644 4122 ob
690 4070 821 4137 quid
868 4086 937 4124 ecc
982 4069 1051 4125 ob
1098 4069 1240 4138 quod
1274 4086 1343 4124 m.
1380 4076 1410 4124 1
1448 4087 1587 4125 corr.
1626 4071 1682 4123 A
1888 4071 1959 4125 25
2003 4076 2062 4125 et
2108 4071 2166 4124 in
2212 4087 2367 4140 quem
2407 4088 2563 4126 usum
2597 4087 2722 4126 con·-

463 4154 681 4209 ferenda
717 4159 771 4209 A
807 4172 875 4211 m.
901 4161 934 4211 1
969 4157 1104 4225 (non
1139 4159 1194 4223 2)
1232 4172 1273 4210 s.
1311 4157 1411 4211 lin.
1449 4156 1607 4212 addit
1643 4162 1695 4211 ct
1728 4157 1882 4227 siquo
1922 4159 1951 4227 1:
1981 4164 2110 4225 post
2134 4157 2409 4212 referenda
2447 4163 2582 4222 (non
2599 4163 2726 4225 post

463 4243 643 4309 quem)
679 4242 882 4311 relcyat
