3380 4919
722 308 856 374 310
1699 301 2012 357 Saluiani

616 495 946 562 29domu
1001 492 1321 560 domini.
1392 491 1544 560 alibi
1588 509 1834 574 quoque
1879 496 1956 556 et
1999 508 2040 555 a
2081 492 2432 574 sanctis,
2490 491 2732 576 inquit,
2787 494 2980 559 meis

720 595 1082 681 incipite.
1156 597 1267 662 sed
1333 595 1415 661 ad
1481 595 1801 677 superiora
1865 598 2210 661 redeamus.
2285 596 2430 673 ite,
2495 594 2708 678 inquit
2772 597 2981 669 auaris

719 703 907 784 atque
972 700 1312 768 incredulis
1371 700 1545 779 deus,
1613 698 1728 764 ite
1787 698 1868 767 in
1930 699 2194 783 ignem
2253 701 2691 777 aeternum,
2758 719 2982 782 quem

718 803 1039 887 parauit
1081 807 1307 886 pater
1350 820 1565 868 meus
1610 802 1921 871 diabolo
1964 806 2040 866 et
2084 801 2403 887 angelis
2447 805 2638 867 eius.
2711 808 2782 867 at
2826 804 2981 868 libe-

680 972 687 977 .
718 907 990 972 randum
1034 909 1101 973 te
1144 906 1225 973 ab
1269 905 1387 971 hoc
1430 906 1600 971 malo
1631 903 2008 987 quibusdam
2038 904 2303 971 forsitan
2348 905 2529 970 bonis
2557 905 2978 989 corporalibus
3021 930 3052 970 ⁵

717 1012 935 1092 putas:
978 1009 1349 1094 pudicitiam
1390 1011 1619 1092 quippe
1661 1026 1901 1073 amasse
1945 1012 2010 1074 te
2053 1009 2272 1074 iactas.
2332 1012 2441 1074 sed
2485 1010 2800 1075 memento
2832 1009 2980 1092 quia

718 1116 785 1179 et
826 1113 993 1191 illos,
1036 1133 1189 1197 quos
1219 1113 1289 1177 in
1316 1111 1643 1194 euangelio
1673 1111 2118 1177 inmortalibus
2145 1113 2360 1193 poenis
2387 1111 2664 1177 saluator
2694 1113 2978 1191 tradidit,

716 1217 1125 1298 inpudicitiae
1180 1235 1306 1285 non
1357 1216 1623 1281 notauit.
1699 1215 2104 1281 sobrietatem
2148 1214 2406 1280 tibimet
2448 1215 2763 1298 placuisse
2806 1233 2979 1280 com-

716 1338 1025 1386 memoras
1041 1323 1074 1385 Ρ
1138 1338 1254 1387 nec
1311 1320 1429 1398 illi,
1494 1319 1571 1384 de
1629 1319 1856 1401 quibus
1913 1319 2230 1401 scriptura
2285 1317 2583 1399 loquitur,
2653 1318 2980 1383 ebrietatis

719 1423 981 1488 crimine
1022 1424 1387 1506 puniuntur.
1459 1423 1773 1491 ieiunasse
1815 1426 1880 1488 te
1922 1423 2080 1487 dicis
2094 1424 2127 1486 ἰ’
2190 1440 2304 1486 nec
2349 1420 2494 1491 illos
2537 1422 2801 1502 prandia
2841 1439 2979 1487 reos
2997 1445 3052 1486 ιο

613 1521 702 1599 30
718 1545 851 1592 esse
894 1526 1197 1592 fecerunt.
1262 1526 1372 1592 sed
1415 1526 1714 1592 uidelicet
1756 1544 1984 1610 magna
2028 1544 2213 1592 causa
2257 1529 2374 1604 est,
2435 1543 2561 1607 qua
2614 1524 2734 1597 tibi
2778 1525 2978 1589 absti-

718 1630 933 1694 nentia
987 1649 1061 1697 ac
1118 1630 1346 1697 ieiunio
1402 1632 1513 1695 tuo
1570 1630 1844 1713 placeas:
1912 1630 2021 1712 qui
2076 1630 2158 1694 ad
2214 1630 2333 1695 hoc
2387 1628 2684 1693 ieiunasti
2741 1631 2820 1693 ad
2863 1629 2979 1694 hoe

717 1750 901 1814 parce
965 1732 1329 1815 exiliterque
1398 1732 1633 1811 uixisti,
1702 1750 1826 1797 non
1869 1736 1943 1796 ut
1985 1736 2126 1815 post
2184 1734 2455 1796 mortem
2519 1732 2697 1797 tuam
2755 1748 2979 1813 egenos

718 1834 1125 1901 facultatibus
1169 1835 1301 1900 tuis
1346 1853 1650 1918 pascereS,
1696 1837 1807 1901 sed
1850 1838 1923 1901 ιιι
1961 1855 2216 1902 censum
2245 1836 2691 1917 cuiuscumque
2731 1833 2978 1899 heredis

718 1936 965 2009 diuitiis
1009 1938 1362 2021 ampliares.
1422 1955 1682 2021 magnos
1728 1939 2029 2004 uidelicet
2056 1938 2474 2004 abstinentiae
2501 1937 2740 2007 fructus
2771 1938 2939 2020 capis
2955 1967 2976 2017 ς
2994 1966 3054 2007 1⁵

719 2042 928 2105 minus
974 2042 1139 2107 enim
1182 2041 1364 2125 panis
1407 2044 1480 2106 ιιι
1525 2042 1943 2120 manducasti,
2002 2046 2077 2106 ut
2120 2042 2257 2106 auri
2301 2041 2467 2107 alius
2513 2041 2652 2124 plus
2695 2040 2977 2106 haberet.

718 2143 842 2209 tibi
898 2148 1115 2211 uenter
1169 2145 1537 2226 frugalitate
1582 2147 1876 2226 decreuit,
1932 2150 2006 2210 ut
2049 2145 2490 2229 cuiuscumque
2531 2142 2803 2213 hominis
2846 2143 2972 2206 for-

612 2243 696 2310 31
717 2248 886 2313 tasse
944 2248 1161 2314 uitioffl
1218 2248 1547 2313 thesaurus
1606 2250 1923 2313 cresceret.
1999 2265 2143 2312 cum
2201 2265 2347 2331 ergo
2408 2246 2488 2311 ad
2531 2246 2836 2321 iudicium
2881 2247 2980 2311 dei

622 2413 633 2423 ,
680 2352 983 2431 ueneris,
1029 2352 1164 2417 iure
1208 2353 1496 2443 inputare
1539 2350 1846 2416 ieiunium
1891 2356 2074 2418 tuum
2117 2352 2354 2435 poteris
2393 2353 2637 2416 dicens:
2682 2351 2976 2443 ieiunaui,

716 2455 984 2535 domine,
1042 2459 1106 2521 et
1161 2455 1438 2548 abstinui
1480 2468 1551 2519 ac
1594 2453 1705 2520 diu
1747 2475 1849 2521 me
1895 2455 1975 2521 ab
2033 2454 2315 2522 omnium
2372 2454 2742 2521 deliciarum
2798 2454 2976 2537 fruge
2995 2480 3054 2549 ²9

718 2558 1031 2642 suspendi.
1108 2561 1171 2625 et
1214 2577 1312 2624 res
1357 2558 1474 2623 hoc
1519 2558 1769 2641 probat.
1825 2577 1964 2624 ecce
2009 2560 2178 2623 enim
2223 2576 2390 2623 nunc
2433 2559 2689 2623 heredes
2733 2557 2856 2621 mei
2901 2558 2976 2623 de

611 2659 700 2726 32
720 2681 857 2727 meo
900 2662 1162 2741 afluunt,
1208 2665 1631 2752 inmensarum
1676 2645 2043 2727 diuitiarum
2078 2662 2271 2744 copiis
2317 2647 2736 2730 exabundant.
2798 2665 2861 2726 et
2905 2664 2979 2726 ut

719 2764 957 2847 aliquid
1004 2766 1197 2830 etiam
1245 2766 1320 2829 de
1366 2743 1729 2847 euangelica
1772 2765 2034 2831 lectione
2077 2784 2457 2858 praoeumaS,
2501 2765 2618 2830 hoc
2647 2764 2810 2848 quod
2852 2764 2977 2830 sal-

718 2869 900 2933 uator
943 2866 1103 2933 dixit
1146 2851 1220 2934 de
1265 2867 1376 2934 illo
1425 2868 1641 2949 diuite,
1688 2869 1866 2951 potes
1899 2869 1966 2933 et
1995 2873 2066 2932 tu
2095 2870 2172 2934 de
2213 2868 2545 2933 heredibus
2583 2868 2709 2933 tuis
2739 2867 2975 2933 dicere.

717 2970 1063 3040 induuntur
1119 2951 1396 3054 purpura
1442 2975 1505 3035 et
1549 2971 1735 3055 bysso
1780 2973 1846 3036 et
1889 2971 2221 3054 epulantur
2276 2971 2617 3054 splendide,
2671 2955 3050 3052 incubant&

720 3071 975 3137 defossis
1007 3089 1046 3137 a
1076 3091 1176 3137 me
1211 3074 1488 3153 talentis,
1535 3074 1830 3155 premunt
1859 3073 2104 3155 argenti
2137 3075 2201 3139 et
2228 3074 2368 3139 auri
2397 3076 2724 3157 congestas
2752 3055 2977 3157 struae,

717 3177 1051 3240 materiam
1096 3193 1337 3259 quoque
1383 3175 1482 3242 his
1528 3177 1927 3260 uoluptatum
1971 3178 2251 3242 omnium
2294 3178 2682 3261 praeparaui,
2738 3176 2978 3243 disten-

610 3277 700 3346 33
720 3277 951 3343 duntur
1007 3278 1247 3344 deliciis
1291 3297 1329 3344 a
1374 3297 1473 3344 me
1526 3278 1786 3344 relictis.
1862 3297 1975 3364 ego
2034 3281 2142 3345 diu
2197 3280 2493 3360 abstinui,
2554 3283 2628 3346 ut
2671 3298 2836 3346 nunc
2877 3278 2976 3345 illi

718 3382 1124 3448 ebriarentur.
1205 3383 1461 3466 crapula
1515 3383 1610 3447 est
1662 3383 1919 3448 illorum
1977 3382 2313 3466 frugalitas
2357 3402 2514 3449 mea.
2592 3386 2817 3448 natant
2858 3384 2978 3447 tri-

926 3604 957 3658 1
993 3603 1184 3661 Ezeeh.
1222 3605 1272 3671 9,
1308 3605 1341 3658 6
1404 3589 1407 3596 '
1485 3645 1517 3686 ·.
1547 3605 1581 3658 3
1617 3604 1816 3662 Matth.
1851 3605 1935 3674 25,
1970 3606 2038 3661 41
2249 3606 2316 3661 23
2350 3605 2478 3660 Luc.
2503 3595 2583 3674 ‘'16

821 3808 852 3860 1
900 3807 1057 3862 domo
1105 3824 1175 3865 ex
1220 3810 1617 3865 domumaeeorra
1652 3827 1723 3865 m.
1758 3813 1800 3865 ‚2
1847 3811 1903 3865 B
2107 3810 2252 3865 alibo
2295 3813 2352 3864 A
2559 3814 2617 3865 et
2650 3811 2752 3867 om.
2788 3811 2843 3866 B
2905 3819 2928 3852 ³-

713 3892 1155 3949 4diabuloAB
1264 3897 2284 3956 ·atexadcorr.m.2B.adA
2487 3897 2842 3952 5forsitaA
2923 3901 2944 3932 κ’

714 3980 1141 4037 9·soribtura·A
1308 4025 1311 4032 .
1350 3985 1417 4038 16
1459 3985 1614 4053 panis
1650 4001 1723 4040 cx
1755 3999 1919 4054 panes
1955 3999 2200 4041 corrs‘m.
2240 3988 2280 4039 2
2308 3984 2365 4039 Β
2495 3985 2500 3990 ’
2570 3984 2640 4039 20
2674 3984 2979 4040 diliciarum

712 4066 772 4122 A
828 4111 835 4116 .
972 4067 1044 4122 22
1087 4068 1323 4124 affluunt
1368 4085 1436 4126 ea:
1481 4070 1690 4125 afluant
1726 4086 1865 4126 corr.
1903 4088 1994 4125 ms
2008 4076 2047 4126 2
2091 4072 2148 4125 B
2285 4113 2312 4118 -1
2358 4070 2740 4126 exhabundant
2757 4069 2764 4076 '
2781 4070 2842 4124 *A
2885 4105 2910 4132 ‚·

708 4152 787 4206 23
821 4152 1022 4221 aliquit
1055 4154 1185 4209 add.
1221 4171 1265 4209 s.
1301 4155 1339 4212 1.
1375 4172 1443 4210 m.
1480 4158 1522 4210 2
1555 4157 1723 4211 etiam
1757 4159 1811 4211 A
1929 4175 1932 4178 ⁴
2005 4158 2071 4212 25
2108 4158 2387 4228 epolantur
2422 4157 2500 4211 Α
2545 4155 2550 4160 ’
2669 4154 2817 4225 epul.
2848 4170 2979 4225 quo-

717 4236 851 4291 tidie
888 4237 972 4293 ed.
1009 4239 1288 4295 Baluziaeus
1493 4241 1563 4297 28
1599 4241 1802 4297 diliciis
1837 4244 1951 4298 AB
2157 4243 2253 4313 utl·
2275 4246 2338 4299 et·
2366 4245 2422 4298 A

354 4455 879 4646 ‘N
