3380 4919
1021 298 1095 359 de
1131 300 1408 367 gubern.
1445 298 1551 355 dei
1586 299 1708 355 1111
1757 305 1787 365 ς
1822 299 2043 354 85-91.
2588 303 2669 373 97

393 490 637 572 peteret
681 492 744 555 et
787 488 1141 575 piissimum
1186 491 1373 555 deum
1416 490 1592 556 tanta
1647 508 1906 573 precum
1962 490 2303 556 ambitione
2355 492 2652 572 pulsaret,

395 591 488 656 sic
530 610 756 675 rogans
802 593 866 657 et
894 595 1222 675 obsecrans
1254 592 1536 658 obtinere
1580 611 1726 669 non,
1748 594 1971 676 potuit,
2022 611 2164 657 cum
2211 596 2443 672 tamen,
2491 595 2654 676 quod

397 696 812 765 fortissimum
854 697 1209 783 petentibus
1249 698 1686 781 adiumentum
1717 702 1829 780 est,
1875 697 2361 780 impetraturum
2397 717 2461 763 se
2491 698 2653 780 quod

396 799 486 863 sic
531 817 569 864 a
624 802 736 895 deo
788 801 1034 886 peteret
1094 788 1480 867 credidissetss
1555 819 1627 869 ex
1683 819 1805 882 quo
1865 801 2148 883 intellegi
2204 801 2431 883 potest,
2490 801 2654 884 quod
2674 799 2759 865 89

351 904 643 969 ⁵nullum
686 906 933 988 penitus
977 905 1237 972 maioris
1271 906 1505 988 piaculi
1537 905 1770 971 crimen
1800 905 1910 984 est,
1959 925 2149 988 quam
2178 904 2655 987 blasphemandi

394 1025 665 1072 causam
693 1008 988 1093 gentibus
1036 1010 1206 1075 dare.
1285 1009 1659 1091 quicumque
1716 1011 1883 1075 enim
1929 1008 2061 1089 sine
2104 1009 2489 1093 blasphemia
2532 1010 2650 1077 ali·-

394 1128 572 1175 orum
636 1113 914 1197 grauiter
982 1114 1282 1181 errauerit
1347 1112 1470 1197 sibi
1531 1115 1792 1189 ‚tantum
1865 1114 2072 1179 adfert
2141 1115 2652 1180 damnationem:

395 1215 507 1296 qui·
545 1217 757 1280 autem
799 1215 1230 1300 blasphemare
1273 1216 1428 1297 alios
1471 1216 1695 1301 fecerit
1740 1217 1973 1284 multos
2019 1237 2228 1285 secum
2278 1217 2653 1307 praecipitat
2735 1254 2747 1305 3

392 1319 459 1383 in
502 1319 790 1399 mortem,
859 1322 921 1384 et
965 1338 1216 1385 necesse
1278 1319 1396 1385 erit
1441 1321 1517 1384 ut
1573 1321 1659 1385 sit
1719 1339 1831 1402 pro
1896 1321 2092 1386 tantis
2151 1340 2315 1400 reus,
2386 1325 2653 1405 quantos

330 1444 380 1482 ιο
396 1439 608 1486 secum
663 1421 926 1487 traxerit
979 1424 1049 1487 in
1110 1426 1374 1489 reatum.
1406 1460 1417 1473 ·
1451 1442 1567 1488 nec
1632 1424 1838 1489 solum
1894 1424 2041 1502 hoc,
2111 1425 2222 1491 sed
2278 1429 2655 1509 quicumque

394 1523 674 1604 peccator
730 1525 822 1590 ita
876 1525 1125 1606 peccat,
1185 1527 1258 1590 ut
1301 1524 1458 1591 alios
1510 1528 1722 1591 tamen
1767 1528 2015 1610 peccato
2063 1547 2174 1593 suo
2218 1526 2654 1613 blasphemare

394 1644 518 1691 non
580 1625 787 1706 faciat,
847 1628 1176 1710 peccatum
1220 1646 1403 1692 suum
1447 1628 1568 1712 ipsi
1613 1630 1795 1695 obest
1837 1631 2290 1709 tantummod0‚
2360 1632 2469 1714 qui
2510 1649 2653 1713 pec-

399 1731 650 1806 cauerit,
718 1734 1181 1796 sacrosanctum
1249 1737 1463 1798 autem
1530 1732 1628 1798 dei
1697 1752 1924 1799 nomen
1990 1735 2293 1821 sacrilega
2360 1732 2655 1817 blasphe-

396 1836 706 1899 mantium
750 1835 1181 1901 maledictione
1226 1855 1349 1901 non
1393 1836 1605 1902 laedit.
1668 1837 1780 1919 qui,
1819 1857 1973 1903 uero
2016 1837 2453 1923 blasphemare
2499 1836 2657 1903 alios

330 1964 380 2007 15
394 1955 654 2019 peccans
723 1937 958 2017 fecerit,
1025 1958 1273 2005 necesse
1334 1942 1428 2005 est
1486 1943 1812 2022 peccatum
1877 1942 2064 2009 huius
2137 1960 2326 2024 supra
2378 1940 2657 2027 criminis

395 2037 652 2103 humani
718 2058 852 2104 esse
920 2059 1304 2121 mensuram,
1374 2041 1523 2123 quia
1578 2061 1689 2124 per
1746 2044 2021 2108 conuicia
2085 2043 2502 2125 plurimorum
2561 2044 2658 2106 in-

399 2142 856 2208 aestimabilem
901 2146 1012 2210 deo
1058 2144 1211 2210 fecit
1263 2145 1579 2210 iniuriam.
2409 2130 2410 2133 ¹

398 2320 409 2326 -
483 2247 759 2313 XVIIII.
808 2248 943 2313 Hoc
1011 2251 1252 2328 autem,
1323 2248 1395 2311 ut
1439 2248 1598 2327 dixi,
1665 2248 1907 2313 malum
1957 2248 2361 2331 peculiariter
2404 2248 2657 2312 tantum
2676 2246 2763 2310 90

399 2349 893 2416 Christianorum
963 2352 1078 2429 est,
1149 2350 1294 2433 quia
1349 2370 1457 2433 per
1514 2368 1615 2414 eos
1683 2351 2116 2439 tantummodo
2182 2349 2658 2432 blasphematur

332 2453 570 2533 sudeus,
617 2456 724 2538 qui
768 2456 927 2520 bona
972 2454 1222 2519 discunt
1267 2455 1328 2519 et
1374 2455 1543 2519 mala
1587 2455 1847 2538 faciunt,
1895 2455 2019 2537 qui,
2074 2454 2146 2519 ut
2189 2454 2492 2540 scripturn
2538 2457 2656 2532 est,

399 2558 581 2623 deum
627 2559 834 2623 uerbis
879 2558 1252 2624 confitentur
1299 2561 1361 2623 et
1406 2558 1592 2623 factis
1654 2561 1910 2642 negant,
1978 2558 2106 2642 qui,
2172 2561 2246 2623 ut
2289 2556 2457 2624 idem
2503 2576 2656 2639 apo·
2739 2609 2748 2626 ,,

397 2662 597 2727 stolus
643 2663 752 2742 ait,
801 2664 1206 2745 adquiescunt
1251 2662 1380 2747 legi
1425 2664 1488 2728 et
1531 2663 1758 2734 sciunt
1780 2663 2175 2728 uoluntatem
2222 2663 2354 2727 eius
2402 2662 2467 2727 et
2510 2680 2657 2744 pro·
2739 2651 2747 2662 ’

398 2764 582 2844 bant,
652 2783 809 2847 quae
875 2766 1117 2848 potiora
1182 2768 1350 2849 sunt,
1421 2767 1524 2847 qui
1593 2766 1828 2856 habent
1895 2766 2163 2831 formam
2230 2766 2527 2830 scientiae
2595 2765 2659 2828 et

399 2867 686 2932 ueritatis
741 2868 809 2932 in
869 2868 1037 2952 lege,
1108 2870 1213 2950 qui
1270 2868 1635 2952 praedicant
1688 2887 1808 2933 non
1856 2868 2189 2942 furandum
2236 2872 2300 2958 et
2346 2868 2655 2942 furantur,

332 2994 381 3035 25
399 2973 505 3055 qui
549 2972 768 3055 legunt
810 2990 933 3036 non
979 2972 1433 3062 moechandum
1464 2976 1529 3037 et
1558 2973 1984 3052 moechantur,
2029 2972 2146 3056 qui·
2167 2972 2235 3035 in
2278 2972 2415 3060 lege
2461 2970 2657 3054 glori-

399 3076 584 3139 antur
630 3080 690 3139 et
732 3094 839 3158 per
882 3076 1475 3164 praeuaricationem
1519 3074 1676 3158 legis
1724 3075 1909 3140 deum
1953 3075 2348 3142 inhonorant.
2410 3080 2474 3139 et
2518 3074 2658 3138 ideo
2676 3071 2757 3136 91

401 3176 517 3241 hoc
551 3176 685 3259 ipso
719 3176 1057 3244 Christiani
1089 3177 1426 3242 deteriores
1456 3179 1624 3256 sunt,
1672 3176 1820 3262 quia
1849 3178 2133 3242 meliores
2166 3197 2295 3243 esse
2328 3178 2655 3256 deberent3

400 3297 524 3344 non
572 3279 737 3343 enim
780 3280 1049 3360 probant
1080 3282 1243 3362 quod
1278 3279 1666 3363 profitentur,
1701 3283 1766 3343 et
1796 3280 2176 3372 impugnant
2206 3279 2660 3363 professionem

604 3467 668 3520 21
725 3465 832 3520 Tit.
870 3469 918 3536 1,
957 3468 1023 3522 16
1128 3466 1280 3521 Rom.
1317 3467 1367 3534 2,
1406 3467 1473 3520 17

503 3638 537 3691 2
573 3639 627 3692 et
662 3637 942 3692 obsecrans
979 3637 1035 3691 Β
1069 3638 1148 3692 bis
1181 3638 1342 3693 habet
1546 3638 1581 3691 3
1625 3640 1711 3690 est
1747 3654 1816 3692 cx
1850 3640 1906 3691 et
1940 3639 1996 3691 Β
2032 3654 2170 3692 corr.
2378 3640 2412 3693 8
2458 3638 2568 3693 alio
2605 3640 2661 3693 A

401 3730 453 3778 ct
487 3724 676 3779 statim
710 3725 1011 3778 immortem
1138 3715 1139 3720 '
1210 3724 1278 3777 10
1313 3726 1439 3777 trai‘
1471 3723 1594 3791 (sic)
1629 3724 1685 3777 A
1803 3733 1808 3742 ·
1877 3725 1939 3778 11
1978 3724 2113 3779 alios
2137 3739 2228 3779 ‘esc‘
2251 3724 2391 3778 alius
2426 3724 2481 3777 A
2517 3740 2659 3780 corr.

399 3827 467 3869 m.
516 3814 557 3865 2
776 3811 842 3864 12
894 3809 1030 3865 facit
1082 3811 1138 3863 A
1356 3810 1451 3877 qui
1495 3810 1928 3884 Rittershusius:
1988 3826 2119 3879 quae
2147 3811 2221 3878 ‘A
2278 3810 2418 3879 quod
2468 3811 2523 3864 Β

402 3898 466 3953 15
505 3901 587 3953 est
622 3914 720 3953 om.
758 3897 814 3951 Β
986 3895 1051 3951 17
1086 3897 1218 3951 fecit
1253 3896 1308 3949 A
1346 3887 1492 3966 quod
1527 3897 1817 3951 Halmium
1848 3897 2023 3967 fugit:
2065 3893 2206 3950 'facit
2240 3898 2297 3954 Β
2475 3898 2539 3951 19
2576 3900 2662 3951 est

399 3984 454 4039 A
489 4001 531 4040 s.
568 3986 602 4040 l.
639 4001 708 4039 m.
746 3989 783 4039 2
989 3984 1058 4042 20
1107 3983 1339 4052 discunt]
1379 3971 1558 4037 sciunt
1604 3984 1761 4039 malit
1796 3984 2117 4051 Harteliu35
2154 3990 2213 4040 at
2249 3985 2322 4051 cf.
2358 3991 2408 4049 9.
2447 3988 2524 4039 83
2615 4047 2626 4056 κ

399 4075 483 4126 est
518 4071 583 4125 Β
609 4088 653 4128 8.
691 4072 727 4127 l.
918 4070 986 4123 22
1021 4071 1159 4137 legis
1194 4069 1289 4124 sed
1326 4086 1350 4121 s
1377 4075 1571 4137 punct.
1607 4070 1662 4125 A
1741 4121 1748 4130 ,
1854 4070 1923 4124 24
1958 4072 2011 4125 et
2046 4071 2298 4125 furantur
2332 4087 2433 4125 om.
2468 4071 2524 4123 A
2610 4120 2624 4146 b

400 4159 468 4213 25
502 4159 677 4227 legem
713 4158 808 4212 sed
840 4174 896 4211 m
929 4162 1120 4225 punct.
1158 4155 1214 4208 A
1410 4156 1478 4208 27
1514 4156 1640 4223 quia
1673 4155 1968 4211 Hartelius
2002 4157 2136 4211 cord.
2154 4172 2285 4226 pay.
2310 4161 2431 4226 100,
2466 4160 2532 4230 4.-
2568 4157 2661 4230 qui

399 4245 510 4299 AB
549 4244 668 4299 edd.
881 4244 949 4298 28
984 4244 1304 4297 confitentur
1338 4241 1394 4295 Β
1858 4239 1862 4244 ’
2011 4243 2014 4246 ’

500 4349 653 4403 VIII.
2423 4345 2453 4397 7
