<?xml version="1.0" encoding="UTF-8"?>
<!DOCTYPE html PUBLIC "-//W3C//DTD XHTML 1.0 Transitional//EN"
    "http://www.w3.org/TR/xhtml1/DTD/xhtml1-transitional.dtd">
<html xmlns="http://www.w3.org/1999/xhtml" xml:lang="en" lang="en">
 <head>
  <title>
</title>
<meta http-equiv="Content-Type" content="text/html;charset=utf-8" />
  <meta name='ocr-system' content='tesseract 3.04.00' />
  <meta name='ocr-capabilities' content='ocr_page ocr_carea ocr_par ocr_line ocrx_word'/>
</head>
<body>
  <div class='ocr_page' id='page_1' title='image "./operaomnia07paulgoog_0338.png"; bbox 0 0 3380 4919; ppageno 0'>
   <div class='ocr_carea' id='block_1_1' title="bbox 699 270 1990 343">
    <p class='ocr_par' dir='ltr' id='par_1_1' title="bbox 699 270 1990 343">
     <span class='ocr_line' id='line_1_1' title="bbox 699 270 1990 343; baseline -0.004 -14"><span class='ocrx_word' id='word_1_1' title='bbox 699 274 827 343; x_wconf 80' lang='grc'>292</span> <span class='ocrx_word' id='word_1_2' title='bbox 1675 270 1990 325; x_wconf 77' lang='lat' dir='ltr'>Saluiani</span> 
     </span>
    </p>
   </div>
   <div class='ocr_carea' id='block_1_2' title="bbox 536 457 3041 2920">
    <p class='ocr_par' dir='ltr' id='par_1_2' title="bbox 536 457 3041 2920">
     <span class='ocr_line' id='line_1_2' title="bbox 701 457 2963 545; baseline -0.001 -16"><span class='ocrx_word' id='word_1_3' title='bbox 701 462 858 529; x_wconf 77' lang='lat' dir='ltr'>mihi</span> <span class='ocrx_word' id='word_1_4' title='bbox 914 463 1145 545; x_wconf 84' lang='lat' dir='ltr'>itaque,</span> <span class='ocrx_word' id='word_1_5' title='bbox 1208 479 1317 525; x_wconf 87' lang='lat' dir='ltr'>cur</span> <span class='ocrx_word' id='word_1_6' title='bbox 1360 460 1514 525; x_wconf 84' lang='lat' dir='ltr'>haec</span> <span class='ocrx_word' id='word_1_7' title='bbox 1556 463 1690 525; x_wconf 86' lang='lat' dir='ltr'>tam</span> <span class='ocrx_word' id='word_1_8' title='bbox 1732 458 1989 542; x_wconf 78' lang='lat' dir='ltr'>prouida</span> <span class='ocrx_word' id='word_1_9' title='bbox 2033 457 2102 523; x_wconf 93' lang='lat' dir='ltr'>in</span> <span class='ocrx_word' id='word_1_10' title='bbox 2159 460 2539 524; x_wconf 86' lang='lat' dir='ltr'>testamento</span> <span class='ocrx_word' id='word_1_11' title='bbox 2586 478 2793 539; x_wconf 85' lang='lat' dir='ltr'>canes,</span> <span class='ocrx_word' id='word_1_12' title='bbox 2849 479 2963 526; x_wconf 87' lang='lat' dir='ltr'>cnr</span> 
     </span>
     <span class='ocr_line' id='line_1_3' title="bbox 701 561 2965 647; baseline -0.001 -16"><span class='ocrx_word' id='word_1_13' title='bbox 701 573 835 632; x_wconf 83' lang='lat' dir='ltr'>tam</span> <span class='ocrx_word' id='word_1_14' title='bbox 900 564 1172 631; x_wconf 91' lang='lat' dir='ltr'>sollicite</span> <span class='ocrx_word' id='word_1_15' title='bbox 1240 582 1313 629; x_wconf 89' lang='lat' dir='ltr'>ac</span> <span class='ocrx_word' id='word_1_16' title='bbox 1380 565 1720 646; x_wconf 86' lang='lat' dir='ltr'>prudenter</span> <span class='ocrx_word' id='word_1_17' title='bbox 1792 562 2112 628; x_wconf 89' lang='lat' dir='ltr'>interseris</span> <span class='ocrx_word' id='word_1_18' title='bbox 2128 564 2159 626; x_wconf 71' lang='grc' dir='ltr'><strong>Ρ</strong></span> <span class='ocrx_word' id='word_1_19' title='bbox 2231 562 2465 644; x_wconf 80' lang='lat' dir='ltr'><strong>absque</strong></span> <span class='ocrx_word' id='word_1_20' title='bbox 2530 561 2750 641; x_wconf 88' lang='lat' dir='ltr'>dubio,</span> <span class='ocrx_word' id='word_1_21' title='bbox 2817 564 2965 647; x_wconf 80' lang='lat' dir='ltr'>quia</span> 
     </span>
     <span class='ocr_line' id='line_1_4' title="bbox 703 665 2961 748; baseline -0.001 -14"><span class='ocrx_word' id='word_1_22' title='bbox 703 669 1122 735; x_wconf 86' lang='lat' dir='ltr'>necessariam</span> <span class='ocrx_word' id='word_1_23' title='bbox 1165 666 1303 745; x_wconf 86' lang='lat' dir='ltr'>tibi,</span> <span class='ocrx_word' id='word_1_24' title='bbox 1349 668 1500 732; x_wconf 92' lang='lat' dir='ltr'>dum</span> <span class='ocrx_word' id='word_1_25' title='bbox 1543 665 1732 743; x_wconf 79' lang='lat' dir='ltr'>uinis,</span> <span class='ocrx_word' id='word_1_26' title='bbox 1778 684 1909 730; x_wconf 89' lang='lat' dir='ltr'>rem</span> <span class='ocrx_word' id='word_1_27' title='bbox 1955 665 2132 730; x_wconf 88' lang='lat' dir='ltr'>tuam</span> <span class='ocrx_word' id='word_1_28' title='bbox 2174 665 2437 743; x_wconf 59' lang='lat' dir='ltr'>iudicem,</span> <span class='ocrx_word' id='word_1_29' title='bbox 2493 666 2643 748; x_wconf 89' lang='lat' dir='ltr'>qnia</span> <span class='ocrx_word' id='word_1_30' title='bbox 2685 666 2961 732; x_wconf 85' lang='lat' dir='ltr'>alienare</span> 
     </span>
     <span class='ocr_line' id='line_1_5' title="bbox 701 767 2965 851; baseline -0 -14"><span class='ocrx_word' id='word_1_31' title='bbox 701 773 766 837; x_wconf 85' lang='lat' dir='ltr'>te</span> <span class='ocrx_word' id='word_1_32' title='bbox 810 769 1221 838; x_wconf 81' lang='lat' dir='ltr'>facultatibus</span> <span class='ocrx_word' id='word_1_33' title='bbox 1267 771 1393 835; x_wconf 82' lang='lat' dir='ltr'>tuis</span> <span class='ocrx_word' id='word_1_34' title='bbox 1437 788 1557 834; x_wconf 93' lang='lat' dir='ltr'>non</span> <span class='ocrx_word' id='word_1_35' title='bbox 1601 769 1702 833; x_wconf 89' lang='lat' dir='ltr'>uis</span> <span class='ocrx_word' id='word_1_36' title='bbox 1748 769 1812 832; x_wconf 86' lang='lat' dir='ltr'>et</span> <span class='ocrx_word' id='word_1_37' title='bbox 1855 767 2326 851; x_wconf 88' lang='lat' dir='ltr'>iniquissimum</span> <span class='ocrx_word' id='word_1_38' title='bbox 2369 770 2554 851; x_wconf 86' lang='lat' dir='ltr'>putas</span> <span class='ocrx_word' id='word_1_39' title='bbox 2599 770 2744 835; x_wconf 88' lang='lat' dir='ltr'>uiuo</span> <span class='ocrx_word' id='word_1_40' title='bbox 2791 776 2855 835; x_wconf 92' lang='lat' dir='ltr'>te</span> <span class='ocrx_word' id='word_1_41' title='bbox 2899 771 2965 835; x_wconf 82' lang='lat' dir='ltr'>et</span> 
     </span>
     <span class='ocr_line' id='line_1_6' title="bbox 703 869 3029 954; baseline -0.003 -13"><span class='ocrx_word' id='word_1_42' title='bbox 703 874 1003 941; x_wconf 86' lang='lat' dir='ltr'>incolumi</span> <span class='ocrx_word' id='word_1_43' title='bbox 1061 872 1262 938; x_wconf 88' lang='lat' dir='ltr'>alium</span> <span class='ocrx_word' id='word_1_44' title='bbox 1304 877 1415 936; x_wconf 89' lang='lat' dir='ltr'>tuo</span> <span class='ocrx_word' id='word_1_45' title='bbox 1461 871 1726 936; x_wconf 88' lang='lat' dir='ltr'>diuitem</span> <span class='ocrx_word' id='word_1_46' title='bbox 1780 869 1934 954; x_wconf 88' lang='lat' dir='ltr'>fieri,</span> <span class='ocrx_word' id='word_1_47' title='bbox 1996 872 2061 936; x_wconf 89' lang='lat' dir='ltr'>te</span> <span class='ocrx_word' id='word_1_48' title='bbox 2105 875 2316 936; x_wconf 85' lang='lat' dir='ltr'>autem</span> <span class='ocrx_word' id='word_1_49' title='bbox 2360 870 2769 938; x_wconf 86' lang='lat' dir='ltr'>mendicitate</span> <span class='ocrx_word' id='word_1_50' title='bbox 2815 891 2962 938; x_wconf 91' lang='lat' dir='ltr'>con·</span> <span class='ocrx_word' id='word_1_51' title='bbox 2999 892 3029 933; x_wconf 77' lang='lat'>⁵</span> 
     </span>
     <span class='ocr_line' id='line_1_7' title="bbox 702 975 2961 1059; baseline -0.001 -15"><span class='ocrx_word' id='word_1_52' title='bbox 702 977 887 1044; x_wconf 90' lang='lat' dir='ltr'>sumi.</span> <span class='ocrx_word' id='word_1_53' title='bbox 946 997 1168 1043; x_wconf 87' lang='lat' dir='ltr'>nerum</span> <span class='ocrx_word' id='word_1_54' title='bbox 1213 978 1312 1041; x_wconf 91' lang='lat' dir='ltr'>est</span> <span class='ocrx_word' id='word_1_55' title='bbox 1356 994 1471 1040; x_wconf 89' lang='lat' dir='ltr'>nec</span> <span class='ocrx_word' id='word_1_56' title='bbox 1511 975 2022 1040; x_wconf 75' lang='lat' dir='ltr'>inrationabilem</span> <span class='ocrx_word' id='word_1_57' title='bbox 2051 987 2264 1040; x_wconf 85' lang='lat' dir='ltr'>curam</span> <span class='ocrx_word' id='word_1_58' title='bbox 2294 975 2516 1054; x_wconf 82' lang='lat' dir='ltr'><strong>abnuo,</strong></span> <span class='ocrx_word' id='word_1_59' title='bbox 2563 977 2632 1041; x_wconf 86' lang='lat' dir='ltr'>et</span> <span class='ocrx_word' id='word_1_60' title='bbox 2659 975 2961 1059; x_wconf 88' lang='lat' dir='ltr'>quidquid</span> 
     </span>
     <span class='ocr_line' id='line_1_8' title="bbox 703 1077 2963 1160; baseline -0.001 -13"><span class='ocrx_word' id='word_1_61' title='bbox 703 1100 739 1147; x_wconf 85' lang='lat' dir='ltr'>a</span> <span class='ocrx_word' id='word_1_62' title='bbox 783 1084 848 1146; x_wconf 89' lang='lat' dir='ltr'>te</span> <span class='ocrx_word' id='word_1_63' title='bbox 892 1080 960 1146; x_wconf 94' lang='lat' dir='ltr'>in</span> <span class='ocrx_word' id='word_1_64' title='bbox 1006 1080 1171 1145; x_wconf 87' lang='lat' dir='ltr'>hunc</span> <span class='ocrx_word' id='word_1_65' title='bbox 1214 1078 1470 1145; x_wconf 88' lang='lat' dir='ltr'>modum</span> <span class='ocrx_word' id='word_1_66' title='bbox 1529 1078 1761 1145; x_wconf 83' lang='lat' dir='ltr'>dicitur</span> <span class='ocrx_word' id='word_1_67' title='bbox 1819 1077 2031 1160; x_wconf 88' lang='lat' dir='ltr'>probo.</span> <span class='ocrx_word' id='word_1_68' title='bbox 2107 1080 2216 1144; x_wconf 88' lang='lat' dir='ltr'>sed</span> <span class='ocrx_word' id='word_1_69' title='bbox 2261 1079 2326 1143; x_wconf 91' lang='lat' dir='ltr'>in</span> <span class='ocrx_word' id='word_1_70' title='bbox 2382 1097 2501 1143; x_wconf 92' lang='lat' dir='ltr'>uno</span> <span class='ocrx_word' id='word_1_71' title='bbox 2545 1081 2760 1145; x_wconf 84' lang='lat' dir='ltr'>tamen</span> <span class='ocrx_word' id='word_1_72' title='bbox 2801 1079 2963 1144; x_wconf 87' lang='lat' dir='ltr'>mihi</span> 
     </span>
     <span class='ocr_line' id='line_1_9' title="bbox 601 1181 2963 1266; baseline -0.001 -17"><span class='ocrx_word' id='word_1_73' title='bbox 601 1182 684 1249; x_wconf 87' lang='lat'>68</span> <span class='ocrx_word' id='word_1_74' title='bbox 703 1184 858 1249; x_wconf 89' lang='lat' dir='ltr'>satis</span> <span class='ocrx_word' id='word_1_75' title='bbox 901 1182 1038 1248; x_wconf 88' lang='lat' dir='ltr'>fieri</span> <span class='ocrx_word' id='word_1_76' title='bbox 1081 1201 1119 1248; x_wconf 88' lang='lat' dir='ltr'><strong>a</strong></span> <span class='ocrx_word' id='word_1_77' title='bbox 1161 1185 1225 1246; x_wconf 91' lang='lat' dir='ltr'>te</span> <span class='ocrx_word' id='word_1_78' title='bbox 1269 1181 1470 1265; x_wconf 87' lang='lat' dir='ltr'>cupio.</span> <span class='ocrx_word' id='word_1_79' title='bbox 1538 1181 1692 1263; x_wconf 86' lang='lat' dir='ltr'>quid</span> <span class='ocrx_word' id='word_1_80' title='bbox 1739 1182 1836 1246; x_wconf 86' lang='lat' dir='ltr'>est</span> <span class='ocrx_word' id='word_1_81' title='bbox 1864 1182 2027 1263; x_wconf 86' lang='lat' dir='ltr'>quod</span> <span class='ocrx_word' id='word_1_82' title='bbox 2071 1182 2163 1266; x_wconf 84' lang='lat' dir='ltr'>tu,</span> <span class='ocrx_word' id='word_1_83' title='bbox 2210 1182 2319 1264; x_wconf 87' lang='lat' dir='ltr'>qni</span> <span class='ocrx_word' id='word_1_84' title='bbox 2362 1181 2480 1246; x_wconf 90' lang='lat' dir='ltr'>tibi</span> <span class='ocrx_word' id='word_1_85' title='bbox 2526 1200 2712 1247; x_wconf 89' lang='lat' dir='ltr'>usum</span> <span class='ocrx_word' id='word_1_86' title='bbox 2753 1201 2963 1247; x_wconf 86' lang='lat' dir='ltr'>rerum</span> 
     </span>
     <span class='ocr_line' id='line_1_10' title="bbox 703 1283 2961 1369; baseline -0 -17"><span class='ocrx_word' id='word_1_87' title='bbox 703 1289 957 1353; x_wconf 86' lang='lat' dir='ltr'>tuarum</span> <span class='ocrx_word' id='word_1_88' title='bbox 1001 1287 1330 1367; x_wconf 86' lang='lat' dir='ltr'>tantopere</span> <span class='ocrx_word' id='word_1_89' title='bbox 1372 1286 1792 1350; x_wconf 85' lang='lat' dir='ltr'>necessarium</span> <span class='ocrx_word' id='word_1_90' title='bbox 1837 1286 2039 1369; x_wconf 89' lang='lat' dir='ltr'>putas,</span> <span class='ocrx_word' id='word_1_91' title='bbox 2085 1283 2326 1350; x_wconf 86' lang='lat' dir='ltr'>fructus</span> <span class='ocrx_word' id='word_1_92' title='bbox 2361 1305 2435 1351; x_wconf 90' lang='lat' dir='ltr'>ac</span> <span class='ocrx_word' id='word_1_93' title='bbox 2477 1286 2717 1352; x_wconf 87' lang='lat' dir='ltr'>reditus</span> <span class='ocrx_word' id='word_1_94' title='bbox 2761 1286 2961 1353; x_wconf 82' lang='lat' dir='ltr'>facul-</span> 
     </span>
     <span class='ocr_line' id='line_1_11' title="bbox 703 1388 3035 1472; baseline -0.001 -16"><span class='ocrx_word' id='word_1_95' title='bbox 703 1390 861 1456; x_wconf 84' lang='lat' dir='ltr'>tatis</span> <span class='ocrx_word' id='word_1_96' title='bbox 926 1390 1074 1454; x_wconf 89' lang='lat' dir='ltr'>tuae</span> <span class='ocrx_word' id='word_1_97' title='bbox 1141 1392 1281 1471; x_wconf 87' lang='lat' dir='ltr'>post</span> <span class='ocrx_word' id='word_1_98' title='bbox 1347 1392 1616 1453; x_wconf 87' lang='lat' dir='ltr'>mortem</span> <span class='ocrx_word' id='word_1_99' title='bbox 1680 1388 2063 1453; x_wconf 88' lang='lat' dir='ltr'>necessarios</span> <span class='ocrx_word' id='word_1_100' title='bbox 2122 1406 2256 1452; x_wconf 91' lang='lat' dir='ltr'>esse</span> <span class='ocrx_word' id='word_1_101' title='bbox 2316 1407 2442 1454; x_wconf 92' lang='lat' dir='ltr'>non</span> <span class='ocrx_word' id='word_1_102' title='bbox 2501 1391 2734 1472; x_wconf 79' lang='lat' dir='ltr'>putas?</span> <span class='ocrx_word' id='word_1_103' title='bbox 2807 1390 3035 1454; x_wconf 79' lang='lat' dir='ltr'>dicism</span> 
     </span>
     <span class='ocr_line' id='line_1_12' title="bbox 706 1491 2966 1577; baseline 0 -19"><span class='ocrx_word' id='word_1_104' title='bbox 706 1493 940 1577; x_wconf 85' lang='lat' dir='ltr'>absque</span> <span class='ocrx_word' id='word_1_105' title='bbox 1000 1492 1212 1576; x_wconf 88' lang='lat' dir='ltr'>dubio,</span> <span class='ocrx_word' id='word_1_106' title='bbox 1275 1493 1420 1575; x_wconf 87' lang='lat' dir='ltr'>qnia</span> <span class='ocrx_word' id='word_1_107' title='bbox 1478 1492 1727 1557; x_wconf 90' lang='lat' dir='ltr'>mortuo</span> <span class='ocrx_word' id='word_1_108' title='bbox 1786 1491 1948 1556; x_wconf 83' lang='lat' dir='ltr'>nihil</span> <span class='ocrx_word' id='word_1_109' title='bbox 2005 1510 2160 1574; x_wconf 88' lang='lat' dir='ltr'>opus</span> <span class='ocrx_word' id='word_1_110' title='bbox 2213 1494 2310 1557; x_wconf 89' lang='lat' dir='ltr'>est</span> <span class='ocrx_word' id='word_1_111' title='bbox 2355 1511 2469 1557; x_wconf 90' lang='lat' dir='ltr'>nec</span> <span class='ocrx_word' id='word_1_112' title='bbox 2512 1495 2966 1559; x_wconf 89' lang='lat' dir='ltr'>reseruandnm</span> 
     </span>
     <span class='ocr_line' id='line_1_13' title="bbox 704 1594 2967 1679; baseline 0 -18"><span class='ocrx_word' id='word_1_113' title='bbox 704 1596 863 1661; x_wconf 91' lang='lat' dir='ltr'>mihi</span> <span class='ocrx_word' id='word_1_114' title='bbox 922 1596 1263 1678; x_wconf 83' lang='lat' dir='ltr'><strong>quidquam</strong></span> <span class='ocrx_word' id='word_1_115' title='bbox 1309 1595 1378 1660; x_wconf 92' lang='lat' dir='ltr'>in</span> <span class='ocrx_word' id='word_1_116' title='bbox 1422 1600 1668 1678; x_wconf 85' lang='lat' dir='ltr'>tempus</span> <span class='ocrx_word' id='word_1_117' title='bbox 1729 1594 1889 1660; x_wconf 91' lang='lat' dir='ltr'>illud</span> <span class='ocrx_word' id='word_1_118' title='bbox 1935 1599 2050 1672; x_wconf 88' lang='lat' dir='ltr'>est,</span> <span class='ocrx_word' id='word_1_119' title='bbox 2111 1596 2259 1679; x_wconf 90' lang='lat' dir='ltr'>quia</span> <span class='ocrx_word' id='word_1_120' title='bbox 2305 1595 2642 1661; x_wconf 84' lang='lat' dir='ltr'>defunctus</span> <span class='ocrx_word' id='word_1_121' title='bbox 2685 1615 2760 1662; x_wconf 89' lang='lat' dir='ltr'>ac</span> <span class='ocrx_word' id='word_1_122' title='bbox 2802 1596 2967 1662; x_wconf 85' lang='lat' dir='ltr'>nihil</span> 
     </span>
     <span class='ocr_line' id='line_1_14' title="bbox 706 1697 2963 1782; baseline 0.001 -19"><span class='ocrx_word' id='word_1_123' title='bbox 706 1700 980 1764; x_wconf 87' lang='lat' dir='ltr'>sentiens</span> <span class='ocrx_word' id='word_1_124' title='bbox 1025 1717 1140 1765; x_wconf 91' lang='lat' dir='ltr'>nec</span> <span class='ocrx_word' id='word_1_125' title='bbox 1182 1697 1482 1765; x_wconf 87' lang='lat' dir='ltr'>delectari</span> <span class='ocrx_word' id='word_1_126' title='bbox 1511 1716 1763 1780; x_wconf 86' lang='lat' dir='ltr'>possum</span> <span class='ocrx_word' id='word_1_127' title='bbox 1796 1697 2182 1780; x_wconf 81' lang='lat' dir='ltr'>possessione</span> <span class='ocrx_word' id='word_1_128' title='bbox 2212 1719 2421 1765; x_wconf 90' lang='lat' dir='ltr'>rerum</span> <span class='ocrx_word' id='word_1_129' title='bbox 2451 1719 2733 1766; x_wconf 87' lang='lat' dir='ltr'>mearum</span> <span class='ocrx_word' id='word_1_130' title='bbox 2763 1719 2963 1782; x_wconf 90' lang='lat' dir='ltr'>neque</span> 
     </span>
     <span class='ocr_line' id='line_1_15' title="bbox 536 1799 2963 1885; baseline -0.002 -15"><span class='ocrx_word' id='word_1_131' title='bbox 536 1845 543 1851; x_wconf 90' lang='lat'><em>-</em></span> <span class='ocrx_word' id='word_1_132' title='bbox 606 1804 692 1870; x_wconf 88' lang='grc'>69</span> <span class='ocrx_word' id='word_1_133' title='bbox 711 1802 1045 1866; x_wconf 90' lang='lat' dir='ltr'>amissione</span> <span class='ocrx_word' id='word_1_134' title='bbox 1104 1799 1385 1866; x_wconf 85' lang='lat' dir='ltr'>cruciari.</span> <span class='ocrx_word' id='word_1_135' title='bbox 1464 1802 1717 1866; x_wconf 90' lang='lat' dir='ltr'>euidens</span> <span class='ocrx_word' id='word_1_136' title='bbox 1777 1819 1963 1866; x_wconf 86' lang='lat' dir='ltr'>causa</span> <span class='ocrx_word' id='word_1_137' title='bbox 2022 1802 2134 1866; x_wconf 90' lang='lat' dir='ltr'>est.</span> <span class='ocrx_word' id='word_1_138' title='bbox 2211 1820 2357 1885; x_wconf 85' lang='lat' dir='ltr'>ergo</span> <span class='ocrx_word' id='word_1_139' title='bbox 2418 1803 2647 1869; x_wconf 88' lang='lat' dir='ltr'>idcirco</span> <span class='ocrx_word' id='word_1_140' title='bbox 2692 1803 2963 1868; x_wconf 90' lang='lat' dir='ltr'>moriens</span> 
     </span>
     <span class='ocr_line' id='line_1_16' title="bbox 708 1903 3039 1988; baseline 0.001 -17"><span class='ocrx_word' id='word_1_141' title='bbox 708 1903 1126 1971; x_wconf 75' lang='lat' dir='ltr'>substantiam</span> <span class='ocrx_word' id='word_1_142' title='bbox 1191 1908 1369 1970; x_wconf 86' lang='lat' dir='ltr'>tuam</span> <span class='ocrx_word' id='word_1_143' title='bbox 1437 1905 1619 1970; x_wconf 86' lang='lat' dir='ltr'>alteri</span> <span class='ocrx_word' id='word_1_144' title='bbox 1672 1906 1958 1987; x_wconf 81' lang='lat' dir='ltr'>deputas,</span> <span class='ocrx_word' id='word_1_145' title='bbox 2027 1905 2175 1988; x_wconf 88' lang='lat' dir='ltr'>quia</span> <span class='ocrx_word' id='word_1_146' title='bbox 2228 1924 2446 1988; x_wconf 86' lang='lat' dir='ltr'>capere</span> <span class='ocrx_word' id='word_1_147' title='bbox 2492 1927 2561 1971; x_wconf 85' lang='lat' dir='ltr'>ex</span> <span class='ocrx_word' id='word_1_148' title='bbox 2607 1925 2680 1972; x_wconf 88' lang='lat' dir='ltr'>ea</span> <span class='ocrx_word' id='word_1_149' title='bbox 2723 1906 2965 1970; x_wconf 88' lang='lat' dir='ltr'>fructus</span> <span class='ocrx_word' id='word_1_150' title='bbox 2985 1931 3039 1973; x_wconf 66' lang='grc' dir='ltr'>ιε</span> 
     </span>
     <span class='ocr_line' id='line_1_17' title="bbox 708 1988 2968 2092; baseline -0 -18"><span class='ocrx_word' id='word_1_151' title='bbox 708 2011 849 2092; x_wconf 86' lang='lat' dir='ltr'>post</span> <span class='ocrx_word' id='word_1_152' title='bbox 906 1994 1174 2073; x_wconf 77' lang='lat' dir='ltr'>morteni</span> <span class='ocrx_word' id='word_1_153' title='bbox 1230 2008 1366 2090; x_wconf 87' lang='lat' dir='ltr'>ipse</span> <span class='ocrx_word' id='word_1_154' title='bbox 1424 2027 1548 2073; x_wconf 92' lang='lat' dir='ltr'>non</span> <span class='ocrx_word' id='word_1_155' title='bbox 1605 1988 1826 2092; x_wconf 87' lang='lat' dir='ltr'>possis.</span> <span class='ocrx_word' id='word_1_156' title='bbox 1903 2009 2011 2074; x_wconf 92' lang='lat' dir='ltr'>sed</span> <span class='ocrx_word' id='word_1_157' title='bbox 2070 2009 2239 2092; x_wconf 89' lang='lat' dir='ltr'>quid,</span> <span class='ocrx_word' id='word_1_158' title='bbox 2303 2013 2463 2092; x_wconf 88' lang='lat' dir='ltr'>quod</span> <span class='ocrx_word' id='word_1_159' title='bbox 2518 2008 2968 2075; x_wconf 87' lang='lat' dir='ltr'>electissimum</span> 
     </span>
     <span class='ocr_line' id='line_1_18' title="bbox 708 2111 2971 2196; baseline 0.001 -20"><span class='ocrx_word' id='word_1_160' title='bbox 708 2129 823 2177; x_wconf 86' lang='lat' dir='ltr'>uas</span> <span class='ocrx_word' id='word_1_161' title='bbox 869 2111 968 2175; x_wconf 89' lang='lat' dir='ltr'>dei</span> <span class='ocrx_word' id='word_1_162' title='bbox 1010 2112 1325 2195; x_wconf 84' lang='lat' dir='ltr'>apostolus</span> <span class='ocrx_word' id='word_1_163' title='bbox 1369 2112 1604 2177; x_wconf 86' lang='lat' dir='ltr'>Paulus</span> <span class='ocrx_word' id='word_1_164' title='bbox 1650 2111 2022 2177; x_wconf 83' lang='lat' dir='ltr'>testificatur</span> <span class='ocrx_word' id='word_1_165' title='bbox 2066 2116 2131 2178; x_wconf 89' lang='lat' dir='ltr'>et</span> <span class='ocrx_word' id='word_1_166' title='bbox 2184 2113 2437 2193; x_wconf 87' lang='lat' dir='ltr'>clamat,</span> <span class='ocrx_word' id='word_1_167' title='bbox 2512 2114 2674 2196; x_wconf 92' lang='lat' dir='ltr'>quod</span> <span class='ocrx_word' id='word_1_168' title='bbox 2741 2132 2833 2195; x_wconf 91' lang='lat' dir='ltr'>qu</span> <span class='ocrx_word' id='word_1_169' title='bbox 2851 2131 2971 2178; x_wconf 87' lang='lat' dir='ltr'>ae-</span> 
     </span>
     <span class='ocr_line' id='line_1_19' title="bbox 711 2214 2972 2300; baseline -0 -19"><span class='ocrx_word' id='word_1_170' title='bbox 711 2233 1033 2298; x_wconf 86' lang='lat' dir='ltr'>cumque</span> <span class='ocrx_word' id='word_1_171' title='bbox 1090 2214 1312 2281; x_wconf 89' lang='lat' dir='ltr'>homo</span> <span class='ocrx_word' id='word_1_172' title='bbox 1373 2216 1451 2279; x_wconf 90' lang='lat' dir='ltr'>in</span> <span class='ocrx_word' id='word_1_173' title='bbox 1511 2214 1682 2280; x_wconf 87' lang='lat' dir='ltr'>uita</span> <span class='ocrx_word' id='word_1_174' title='bbox 1738 2215 1880 2280; x_wconf 87' lang='lat' dir='ltr'>hac</span> <span class='ocrx_word' id='word_1_175' title='bbox 1936 2217 2490 2300; x_wconf 88' lang='lat' dir='ltr'>seminauerit‚</span> <span class='ocrx_word' id='word_1_176' title='bbox 2559 2218 2744 2282; x_wconf 91' lang='lat' dir='ltr'>haec</span> <span class='ocrx_word' id='word_1_177' title='bbox 2787 2217 2972 2299; x_wconf 87' lang='lat' dir='ltr'>post</span> 
     </span>
     <span class='ocr_line' id='line_1_20' title="bbox 712 2319 2967 2402; baseline 0 -19"><span class='ocrx_word' id='word_1_178' title='bbox 712 2321 1036 2384; x_wconf 92' lang='lat' dir='ltr'>mortem</span> <span class='ocrx_word' id='word_1_179' title='bbox 1082 2320 1361 2398; x_wconf 87' lang='lat' dir='ltr'>metat,</span> <span class='ocrx_word' id='word_1_180' title='bbox 1408 2321 1647 2401; x_wconf 90' lang='lat' dir='ltr'>etqui</span> <span class='ocrx_word' id='word_1_181' title='bbox 1684 2337 1910 2400; x_wconf 88' lang='lat' dir='ltr'>parce</span> <span class='ocrx_word' id='word_1_182' title='bbox 1941 2319 2284 2384; x_wconf 87' lang='lat' dir='ltr'>seminat</span> <span class='ocrx_word' id='word_1_183' title='bbox 2317 2339 2549 2402; x_wconf 87' lang='lat' dir='ltr'>parce</span> <span class='ocrx_word' id='word_1_184' title='bbox 2581 2323 2657 2384; x_wconf 91' lang='lat' dir='ltr'>et</span> <span class='ocrx_word' id='word_1_185' title='bbox 2701 2321 2967 2399; x_wconf 83' lang='lat' dir='ltr'>metat,</span> 
     </span>
     <span class='ocr_line' id='line_1_21' title="bbox 714 2421 3041 2508; baseline 0 -18"><span class='ocrx_word' id='word_1_186' title='bbox 714 2423 965 2508; x_wconf 90' lang='lat' dir='ltr'>etqui</span> <span class='ocrx_word' id='word_1_187' title='bbox 1025 2424 1362 2490; x_wconf 89' lang='lat' dir='ltr'>seminat</span> <span class='ocrx_word' id='word_1_188' title='bbox 1406 2423 1486 2487; x_wconf 92' lang='lat' dir='ltr'>in</span> <span class='ocrx_word' id='word_1_189' title='bbox 1545 2421 2104 2489; x_wconf 85' lang='lat' dir='ltr'>benedictione</span> <span class='ocrx_word' id='word_1_190' title='bbox 2150 2442 2233 2488; x_wconf 83' lang='lat' dir='ltr'>ex</span> <span class='ocrx_word' id='word_1_191' title='bbox 2291 2423 2847 2491; x_wconf 86' lang='lat' dir='ltr'>benedictione</span> <span class='ocrx_word' id='word_1_192' title='bbox 2892 2425 3041 2490; x_wconf 70' lang='lat' dir='ltr'>etso</span> 
     </span>
     <span class='ocr_line' id='line_1_22' title="bbox 713 2526 2970 2611; baseline 0 -21"><span class='ocrx_word' id='word_1_193' title='bbox 713 2527 978 2592; x_wconf 89' lang='lat' dir='ltr'>metat.</span> <span class='ocrx_word' id='word_1_194' title='bbox 1055 2546 1126 2592; x_wconf 85' lang='lat' dir='ltr'>ex</span> <span class='ocrx_word' id='word_1_195' title='bbox 1184 2545 1304 2609; x_wconf 86' lang='lat' dir='ltr'>quo</span> <span class='ocrx_word' id='word_1_196' title='bbox 1365 2528 1575 2610; x_wconf 86' lang='lat' dir='ltr'>aperte</span> <span class='ocrx_word' id='word_1_197' title='bbox 1634 2526 1924 2611; x_wconf 79' lang='lat' dir='ltr'>intellegi</span> <span class='ocrx_word' id='word_1_198' title='bbox 1970 2528 2169 2592; x_wconf 87' lang='lat' dir='ltr'>uoluit</span> <span class='ocrx_word' id='word_1_199' title='bbox 2213 2545 2334 2606; x_wconf 80' lang='lat' dir='ltr'>eoS‚</span> <span class='ocrx_word' id='word_1_200' title='bbox 2396 2527 2502 2609; x_wconf 88' lang='lat' dir='ltr'>qui</span> <span class='ocrx_word' id='word_1_201' title='bbox 2546 2528 2860 2593; x_wconf 87' lang='lat' dir='ltr'>seminant</span> <span class='ocrx_word' id='word_1_202' title='bbox 2902 2526 2970 2592; x_wconf 93' lang='lat' dir='ltr'>in</span> 
     </span>
     <span class='ocr_line' id='line_1_23' title="bbox 714 2629 2967 2713; baseline 0 -19"><span class='ocrx_word' id='word_1_203' title='bbox 714 2631 1016 2713; x_wconf 86' lang='lat' dir='ltr'>parcitate</span> <span class='ocrx_word' id='word_1_204' title='bbox 1059 2629 1554 2695; x_wconf 79' lang='lat' dir='ltr'>benedictionem</span> <span class='ocrx_word' id='word_1_205' title='bbox 1602 2634 1838 2695; x_wconf 89' lang='lat' dir='ltr'>metere</span> <span class='ocrx_word' id='word_1_206' title='bbox 1883 2650 2006 2696; x_wconf 95' lang='lat' dir='ltr'>non</span> <span class='ocrx_word' id='word_1_207' title='bbox 2051 2648 2248 2713; x_wconf 87' lang='lat' dir='ltr'>posse.</span> <span class='ocrx_word' id='word_1_208' title='bbox 2325 2649 2464 2696; x_wconf 88' lang='lat' dir='ltr'>cum</span> <span class='ocrx_word' id='word_1_209' title='bbox 2513 2632 2680 2696; x_wconf 90' lang='lat' dir='ltr'>enim</span> <span class='ocrx_word' id='word_1_210' title='bbox 2723 2632 2967 2696; x_wconf 84' lang='lat' dir='ltr'>dicens:</span> 
     </span>
     <span class='ocr_line' id='line_1_24' title="bbox 715 2733 2968 2818; baseline 0 -22"><span class='ocrx_word' id='word_1_211' title='bbox 715 2733 822 2815; x_wconf 92' lang='lat' dir='ltr'>qui</span> <span class='ocrx_word' id='word_1_212' title='bbox 881 2751 1062 2815; x_wconf 88' lang='lat' dir='ltr'>parce</span> <span class='ocrx_word' id='word_1_213' title='bbox 1123 2734 1390 2799; x_wconf 89' lang='lat' dir='ltr'>seminat</span> <span class='ocrx_word' id='word_1_214' title='bbox 1449 2752 1629 2815; x_wconf 90' lang='lat' dir='ltr'>parce</span> <span class='ocrx_word' id='word_1_215' title='bbox 1684 2737 1749 2797; x_wconf 90' lang='lat' dir='ltr'>et</span> <span class='ocrx_word' id='word_1_216' title='bbox 1809 2737 2026 2818; x_wconf 88' lang='lat' dir='ltr'>metet,</span> <span class='ocrx_word' id='word_1_217' title='bbox 2095 2735 2159 2799; x_wconf 91' lang='lat' dir='ltr'>et</span> <span class='ocrx_word' id='word_1_218' title='bbox 2202 2734 2309 2817; x_wconf 88' lang='lat' dir='ltr'>qui</span> <span class='ocrx_word' id='word_1_219' title='bbox 2355 2733 2626 2799; x_wconf 87' lang='lat' dir='ltr'>seminat</span> <span class='ocrx_word' id='word_1_220' title='bbox 2671 2736 2735 2799; x_wconf 90' lang='lat' dir='ltr'>in</span> <span class='ocrx_word' id='word_1_221' title='bbox 2781 2736 2968 2800; x_wconf 90' lang='lat' dir='ltr'>bene-</span> 
     </span>
     <span class='ocr_line' id='line_1_25' title="bbox 715 2835 2968 2920; baseline -0.001 -19"><span class='ocrx_word' id='word_1_222' title='bbox 715 2835 985 2901; x_wconf 77' lang='lat' dir='ltr'>dictione</span> <span class='ocrx_word' id='word_1_223' title='bbox 1052 2854 1126 2900; x_wconf 84' lang='lat' dir='ltr'>ex</span> <span class='ocrx_word' id='word_1_224' title='bbox 1191 2835 1622 2902; x_wconf 84' lang='lat' dir='ltr'>benedictione</span> <span class='ocrx_word' id='word_1_225' title='bbox 1688 2840 1752 2900; x_wconf 90' lang='lat' dir='ltr'>et</span> <span class='ocrx_word' id='word_1_226' title='bbox 1819 2839 2035 2915; x_wconf 91' lang='lat' dir='ltr'>metet,</span> <span class='ocrx_word' id='word_1_227' title='bbox 2106 2837 2429 2903; x_wconf 87' lang='lat' dir='ltr'>euidenter</span> <span class='ocrx_word' id='word_1_228' title='bbox 2497 2838 2712 2920; x_wconf 88' lang='lat' dir='ltr'>utique</span> <span class='ocrx_word' id='word_1_229' title='bbox 2776 2836 2968 2901; x_wconf 90' lang='lat' dir='ltr'>bene-</span> 
     </span>
    </p>
   </div>
   <div class='ocr_carea' id='block_1_3' title="bbox 718 2938 3045 3124">
    <p class='ocr_par' dir='ltr' id='par_1_3' title="bbox 718 2938 3045 3124">
     <span class='ocr_line' id='line_1_26' title="bbox 718 2938 3045 3023; baseline 0 -21"><span class='ocrx_word' id='word_1_230' title='bbox 718 2938 1053 3003; x_wconf 78' lang='lat' dir='ltr'>dictionem</span> <span class='ocrx_word' id='word_1_231' title='bbox 1098 2939 1164 3003; x_wconf 89' lang='lat' dir='ltr'>in</span> <span class='ocrx_word' id='word_1_232' title='bbox 1195 2939 1329 3004; x_wconf 89' lang='lat' dir='ltr'>sola</span> <span class='ocrx_word' id='word_1_233' title='bbox 1359 2939 1634 3021; x_wconf 90' lang='lat' dir='ltr'>posuerit</span> <span class='ocrx_word' id='word_1_234' title='bbox 1662 2938 1981 3023; x_wconf 86' lang='lat' dir='ltr'>largitate,</span> <span class='ocrx_word' id='word_1_235' title='bbox 2011 2940 2290 3004; x_wconf 87' lang='lat' dir='ltr'>ostendit</span> <span class='ocrx_word' id='word_1_236' title='bbox 2319 2959 2534 3022; x_wconf 85' lang='lat' dir='ltr'>parcos</span> <span class='ocrx_word' id='word_1_237' title='bbox 2566 2941 2971 3006; x_wconf 87' lang='lat' dir='ltr'>seminatores</span> <span class='ocrx_word' id='word_1_238' title='bbox 2991 2962 3045 3003; x_wconf 76' lang='lat'>25</span> 
     </span>
     <span class='ocr_line' id='line_1_27' title="bbox 719 3040 2535 3124; baseline 0.002 -19"><span class='ocrx_word' id='word_1_239' title='bbox 719 3040 1188 3106; x_wconf 83' lang='lat' dir='ltr'>mendicitatem</span> <span class='ocrx_word' id='word_1_240' title='bbox 1233 3042 1438 3124; x_wconf 89' lang='lat' dir='ltr'>largos</span> <span class='ocrx_word' id='word_1_241' title='bbox 1491 3041 1983 3107; x_wconf 89' lang='lat' dir='ltr'>benedictionem</span> <span class='ocrx_word' id='word_1_242' title='bbox 2029 3060 2163 3108; x_wconf 90' lang='lat' dir='ltr'>esse</span> <span class='ocrx_word' id='word_1_243' title='bbox 2208 3061 2535 3109; x_wconf 80' lang='lat' dir='ltr'>messuros,</span> 
     </span>
    </p>
   </div>
   <div class='ocr_carea' id='block_1_4' title="bbox 926 3244 1303 3312">
    <p class='ocr_par' dir='ltr' id='par_1_4' title="bbox 926 3244 1303 3312">
     <span class='ocr_line' id='line_1_28' title="bbox 926 3244 1303 3312; baseline 0.003 -13"><span class='ocrx_word' id='word_1_244' title='bbox 926 3245 990 3299; x_wconf 81' lang='lat'>17</span> <span class='ocrx_word' id='word_1_245' title='bbox 1027 3244 1146 3299; x_wconf 77' lang='lat' dir='ltr'><strong>Gal.</strong></span> <span class='ocrx_word' id='word_1_246' title='bbox 1184 3245 1232 3312; x_wconf 82' lang='lat' dir='ltr'>e,</span> <span class='ocrx_word' id='word_1_247' title='bbox 1269 3246 1303 3300; x_wconf 88' lang='lat'>8</span> 
     </span>
    </p>
   </div>
   <div class='ocr_carea' id='block_1_5' title="bbox 713 3418 2977 4090">
    <p class='ocr_par' dir='ltr' id='par_1_5' title="bbox 713 3418 2977 4090">
     <span class='ocr_line' id='line_1_29' title="bbox 826 3418 2974 3486; baseline 0.001 -16"><span class='ocrx_word' id='word_1_248' title='bbox 826 3418 857 3470; x_wconf 87' lang='lat'>1</span> <span class='ocrx_word' id='word_1_249' title='bbox 906 3432 1059 3471; x_wconf 84' lang='lat' dir='ltr'>canes</span> <span class='ocrx_word' id='word_1_250' title='bbox 1096 3432 1166 3471; x_wconf 78' lang='lat' dir='ltr'>ex</span> <span class='ocrx_word' id='word_1_251' title='bbox 1199 3418 1344 3472; x_wconf 82' lang='lat' dir='ltr'>cauis</span> <span class='ocrx_word' id='word_1_252' title='bbox 1379 3433 1515 3472; x_wconf 82' lang='lat' dir='ltr'>corr.</span> <span class='ocrx_word' id='word_1_253' title='bbox 1553 3434 1621 3471; x_wconf 86' lang='lat' dir='ltr'>m.</span> <span class='ocrx_word' id='word_1_254' title='bbox 1657 3421 1696 3472; x_wconf 77' lang='lat'><strong><em>2</em></strong></span> <span class='ocrx_word' id='word_1_255' title='bbox 1730 3419 1842 3473; x_wconf 79' lang='lat' dir='ltr'>AB</span> <span class='ocrx_word' id='word_1_256' title='bbox 2048 3420 2081 3474; x_wconf 82' lang='lat'>6</span> <span class='ocrx_word' id='word_1_257' title='bbox 2125 3419 2503 3474; x_wconf 81' lang='lat' dir='ltr'>rationabilem</span> <span class='ocrx_word' id='word_1_258' title='bbox 2541 3420 2593 3486; x_wconf 84' lang='lat' dir='ltr'>(b</span> <span class='ocrx_word' id='word_1_259' title='bbox 2629 3422 2700 3486; x_wconf 82' lang='lat' dir='ltr'>et)</span> <span class='ocrx_word' id='word_1_260' title='bbox 2736 3419 2974 3475; x_wconf 79' lang='lat' dir='ltr'>Ritters·</span> 
     </span>
     <span class='ocr_line' id='line_1_30' title="bbox 720 3502 2973 3574; baseline 0 -15"><span class='ocrx_word' id='word_1_261' title='bbox 720 3503 912 3559; x_wconf 68' lang='lat' dir='ltr'>husius</span> <span class='ocrx_word' id='word_1_262' title='bbox 1104 3503 1133 3556; x_wconf 84' lang='lat'>7</span> <span class='ocrx_word' id='word_1_263' title='bbox 1170 3502 1305 3557; x_wconf 88' lang='lat' dir='ltr'>mihi</span> <span class='ocrx_word' id='word_1_264' title='bbox 1339 3505 1520 3557; x_wconf 85' lang='lat' dir='ltr'>tamen</span> <span class='ocrx_word' id='word_1_265' title='bbox 1555 3503 1729 3573; x_wconf 64' lang='lat' dir='ltr'>signis</span> <span class='ocrx_word' id='word_1_266' title='bbox 1764 3506 2210 3573; x_wconf 71' lang='lat' dir='ltr'>trampositionis</span> <span class='ocrx_word' id='word_1_267' title='bbox 2245 3506 2454 3561; x_wconf 79' lang='lat' dir='ltr'>additis</span> <span class='ocrx_word' id='word_1_268' title='bbox 2488 3508 2542 3559; x_wconf 77' lang='lat' dir='ltr'><strong><em>A</em></strong></span> <span class='ocrx_word' id='word_1_269' title='bbox 2727 3504 2791 3559; x_wconf 89' lang='grc'>12</span> <span class='ocrx_word' id='word_1_270' title='bbox 2827 3505 2973 3574; x_wconf 84' lang='lat' dir='ltr'>quic·</span> 
     </span>
     <span class='ocr_line' id='line_1_31' title="bbox 722 3588 2972 3659; baseline 0 -17"><span class='ocrx_word' id='word_1_271' title='bbox 722 3605 881 3658; x_wconf 87' lang='lat' dir='ltr'>quam</span> <span class='ocrx_word' id='word_1_272' title='bbox 909 3590 1028 3658; x_wconf 80' lang='lat' dir='ltr'>(sic)</span> <span class='ocrx_word' id='word_1_273' title='bbox 1063 3589 1174 3644; x_wconf 82' lang='lat' dir='ltr'>AB</span> <span class='ocrx_word' id='word_1_274' title='bbox 1345 3588 1489 3658; x_wconf 86' lang='lat' dir='ltr'>qnia]</span> <span class='ocrx_word' id='word_1_275' title='bbox 1524 3605 1628 3659; x_wconf 83' lang='lat' dir='ltr'>quo</span> <span class='ocrx_word' id='word_1_276' title='bbox 1664 3589 2069 3646; x_wconf 77' lang='lat' dir='ltr'>Ritterslmsius</span> <span class='ocrx_word' id='word_1_277' title='bbox 2249 3594 2314 3648; x_wconf 88' lang='grc'>16</span> <span class='ocrx_word' id='word_1_278' title='bbox 2349 3591 2763 3645; x_wconf 88' lang='lat' dir='ltr'>delectissimum</span> <span class='ocrx_word' id='word_1_279' title='bbox 2788 3606 2854 3644; x_wconf 79' lang='lat' dir='ltr'>ex</span> <span class='ocrx_word' id='word_1_280' title='bbox 2879 3590 2972 3645; x_wconf 88' lang='lat' dir='ltr'>dil.</span> 
     </span>
     <span class='ocr_line' id='line_1_32' title="bbox 720 3675 2977 3746; baseline 0.001 -18"><span class='ocrx_word' id='word_1_281' title='bbox 720 3690 858 3729; x_wconf 83' lang='lat' dir='ltr'>corr.</span> <span class='ocrx_word' id='word_1_282' title='bbox 895 3692 963 3729; x_wconf 88' lang='lat' dir='ltr'>m.</span> <span class='ocrx_word' id='word_1_283' title='bbox 987 3677 1029 3729; x_wconf 78' lang='lat'><strong><em>2</em></strong></span> <span class='ocrx_word' id='word_1_284' title='bbox 1063 3675 1118 3729; x_wconf 93' lang='lat' dir='ltr'><em>B</em></span> <span class='ocrx_word' id='word_1_285' title='bbox 1321 3676 1388 3730; x_wconf 88' lang='grc'>19</span> <span class='ocrx_word' id='word_1_286' title='bbox 1423 3677 1592 3730; x_wconf 86' lang='lat' dir='ltr'>metet</span> <span class='ocrx_word' id='word_1_287' title='bbox 1627 3675 1885 3746; x_wconf 78' lang='lat' dir='ltr'>deinceps</span> <span class='ocrx_word' id='word_1_288' title='bbox 1921 3682 2006 3732; x_wconf 82' lang='lat' dir='ltr'>ter</span> <span class='ocrx_word' id='word_1_289' title='bbox 2041 3693 2179 3733; x_wconf 80' lang='lat' dir='ltr'>corr.</span> <span class='ocrx_word' id='word_1_290' title='bbox 2217 3694 2287 3733; x_wconf 78' lang='lat' dir='ltr'>ex</span> <span class='ocrx_word' id='word_1_291' title='bbox 2321 3679 2492 3731; x_wconf 86' lang='lat' dir='ltr'>metat</span> <span class='ocrx_word' id='word_1_292' title='bbox 2527 3693 2595 3730; x_wconf 89' lang='lat' dir='ltr'>m.</span> <span class='ocrx_word' id='word_1_293' title='bbox 2621 3679 2661 3731; x_wconf 80' lang='lat'><strong><em>2</em></strong></span> <span class='ocrx_word' id='word_1_294' title='bbox 2694 3678 2751 3731; x_wconf 82' lang='lat' dir='ltr'><strong><em>A</em></strong></span> <span class='ocrx_word' id='word_1_295' title='bbox 2803 3679 2977 3731; x_wconf 87' lang='lat' dir='ltr'>metat</span> 
     </span>
     <span class='ocr_line' id='line_1_33' title="bbox 719 3760 2977 3831; baseline 0 -17"><span class='ocrx_word' id='word_1_296' title='bbox 719 3760 880 3828; x_wconf 85' lang='lat' dir='ltr'>B(b);</span> <span class='ocrx_word' id='word_1_297' title='bbox 925 3762 1092 3816; x_wconf 68' lang='lat' dir='ltr'>‘hand</span> <span class='ocrx_word' id='word_1_298' title='bbox 1124 3761 1235 3816; x_wconf 78' lang='lat' dir='ltr'>scio</span> <span class='ocrx_word' id='word_1_299' title='bbox 1271 3777 1348 3816; x_wconf 86' lang='lat' dir='ltr'>an</span> <span class='ocrx_word' id='word_1_300' title='bbox 1382 3766 1529 3817; x_wconf 81' lang='lat' dir='ltr'>recte</span> <span class='ocrx_word' id='word_1_301' title='bbox 1563 3767 1625 3816; x_wconf 78' lang='lat' dir='ltr'>ut</span> <span class='ocrx_word' id='word_1_302' title='bbox 1657 3763 1721 3816; x_wconf 79' lang='lat' dir='ltr'>in</span> <span class='ocrx_word' id='word_1_303' title='bbox 1754 3763 2021 3817; x_wconf 70' lang='lat' dir='ltr'>relatione</span> <span class='ocrx_word' id='word_1_304' title='bbox 2054 3763 2343 3817; x_wconf 81' lang='lat' dir='ltr'>indirecta‘</span> <span class='ocrx_word' id='word_1_305' title='bbox 2378 3762 2642 3817; x_wconf 77' lang='lat' dir='ltr'>Halmius</span> <span class='ocrx_word' id='word_1_306' title='bbox 2649 3783 2671 3831; x_wconf 92' lang='lat'><em>;</em></span> <span class='ocrx_word' id='word_1_307' title='bbox 2707 3778 2839 3816; x_wconf 80' lang='lat' dir='ltr'>sane</span> <span class='ocrx_word' id='word_1_308' title='bbox 2874 3767 2977 3815; x_wconf 80' lang='lat' dir='ltr'>aut</span> 
     </span>
     <span class='ocr_line' id='line_1_34' title="bbox 721 3846 2974 3917; baseline 0 -17"><span class='ocrx_word' id='word_1_309' title='bbox 721 3848 894 3900; x_wconf 86' lang='lat' dir='ltr'>metat</span> <span class='ocrx_word' id='word_1_310' title='bbox 927 3846 1083 3901; x_wconf 78' lang='lat' dir='ltr'>scrib.</span> <span class='ocrx_word' id='word_1_311' title='bbox 1121 3853 1198 3902; x_wconf 81' lang='lat' dir='ltr'>cst</span> <span class='ocrx_word' id='word_1_312' title='bbox 1233 3852 1331 3902; x_wconf 80' lang='lat' dir='ltr'>aut</span> <span class='ocrx_word' id='word_1_313' title='bbox 1367 3847 1531 3902; x_wconf 80' lang='lat' dir='ltr'>eiecto</span> <span class='ocrx_word' id='word_1_314' title='bbox 1566 3847 1708 3917; x_wconf 84' lang='lat' dir='ltr'>qnod</span> <span class='ocrx_word' id='word_1_315' title='bbox 1743 3852 1871 3902; x_wconf 86' lang='lat' dir='ltr'>ante</span> <span class='ocrx_word' id='word_1_316' title='bbox 1906 3863 2287 3916; x_wconf 84' lang='lat' dir='ltr'>quaecumque,</span> <span class='ocrx_word' id='word_1_317' title='bbox 2326 3847 2471 3916; x_wconf 77' lang='lat' dir='ltr'>quod</span> <span class='ocrx_word' id='word_1_318' title='bbox 2506 3849 2675 3914; x_wconf 80' lang='lat' dir='ltr'>facile</span> <span class='ocrx_word' id='word_1_319' title='bbox 2710 3864 2780 3902; x_wconf 79' lang='lat' dir='ltr'>eoe</span> <span class='ocrx_word' id='word_1_320' title='bbox 2814 3853 2974 3902; x_wconf 80' lang='lat' dir='ltr'>ante-</span> 
     </span>
     <span class='ocr_line' id='line_1_35' title="bbox 723 3930 2972 4003; baseline 0.001 -17"><span class='ocrx_word' id='word_1_321' title='bbox 723 3930 936 3986; x_wconf 78' lang='lat' dir='ltr'>cedenti</span> <span class='ocrx_word' id='word_1_322' title='bbox 971 3932 1115 4000; x_wconf 86' lang='lat' dir='ltr'>quid,</span> <span class='ocrx_word' id='word_1_323' title='bbox 1154 3932 1295 4001; x_wconf 89' lang='lat' dir='ltr'>qnod</span> <span class='ocrx_word' id='word_1_324' title='bbox 1329 3933 1417 3987; x_wconf 81' lang='lat' dir='ltr'>hic</span> <span class='ocrx_word' id='word_1_325' title='bbox 1452 3934 1624 4002; x_wconf 78' lang='lat' dir='ltr'>repeti</span> <span class='ocrx_word' id='word_1_326' title='bbox 1639 3938 1878 4003; x_wconf 77' lang='lat' dir='ltr'>poterat,</span> <span class='ocrx_word' id='word_1_327' title='bbox 1917 3936 2098 4002; x_wconf 85' lang='lat' dir='ltr'>metet,</span> <span class='ocrx_word' id='word_1_328' title='bbox 2134 3941 2197 3989; x_wconf 78' lang='lat' dir='ltr'>ut</span> <span class='ocrx_word' id='word_1_329' title='bbox 2222 3951 2343 3989; x_wconf 78' lang='lat' dir='ltr'>cum</span> <span class='ocrx_word' id='word_1_330' title='bbox 2365 3935 2553 3989; x_wconf 80' lang='lat' dir='ltr'>statim</span> <span class='ocrx_word' id='word_1_331' title='bbox 2578 3934 2681 4003; x_wconf 83' lang='lat'><strong>(23.</strong></span> <span class='ocrx_word' id='word_1_332' title='bbox 2706 3934 2794 3997; x_wconf 85' lang='lat'>24)</span> <span class='ocrx_word' id='word_1_333' title='bbox 2830 3949 2972 4001; x_wconf 77' lang='lat' dir='ltr'>seqq.</span> 
     </span>
     <span class='ocr_line' id='line_1_36' title="bbox 713 4016 2977 4090; baseline 0.001 -19"><span class='ocrx_word' id='word_1_334' title='bbox 713 4016 885 4086; x_wconf 77' lang='lat' dir='ltr'>plane</span> <span class='ocrx_word' id='word_1_335' title='bbox 932 4023 1217 4087; x_wconf 56' lang='lat' dir='ltr'>confiunt,</span> <span class='ocrx_word' id='word_1_336' title='bbox 1271 4018 1368 4073; x_wconf 76' lang='lat' dir='ltr'>nbi</span> <span class='ocrx_word' id='word_1_337' title='bbox 1410 4019 1490 4073; x_wconf 77' lang='lat' dir='ltr'>bis</span> <span class='ocrx_word' id='word_1_338' title='bbox 1532 4020 1699 4073; x_wconf 89' lang='lat' dir='ltr'>metet</span> <span class='ocrx_word' id='word_1_339' title='bbox 1730 4019 1929 4090; x_wconf 72' lang='lat' dir='ltr'>leqitur</span> <span class='ocrx_word' id='word_1_340' title='bbox 1962 4020 2030 4085; x_wconf 79' lang='lat' dir='ltr'>cf.</span> <span class='ocrx_word' id='word_1_341' title='bbox 2069 4025 2118 4084; x_wconf 77' lang='lat'>§-</span> <span class='ocrx_word' id='word_1_342' title='bbox 2153 4023 2226 4074; x_wconf 80' lang='lat'>74</span> <span class='ocrx_word' id='word_1_343' title='bbox 2431 4019 2498 4073; x_wconf 89' lang='grc'>22</span> <span class='ocrx_word' id='word_1_344' title='bbox 2550 4020 2689 4090; x_wconf 89' lang='lat' dir='ltr'>cum]</span> <span class='ocrx_word' id='word_1_345' title='bbox 2726 4020 2856 4074; x_wconf 90' lang='lat' dir='ltr'>dum</span> <span class='ocrx_word' id='word_1_346' title='bbox 2891 4019 2977 4073; x_wconf 80' lang='lat' dir='ltr'>ed.</span> 
     </span>
    </p>
   </div>
   <div class='ocr_carea' id='block_1_6' title="bbox 722 4103 2980 4243">
    <p class='ocr_par' dir='ltr' id='par_1_6' title="bbox 722 4103 2980 4243">
     <span class='ocr_line' id='line_1_37' title="bbox 722 4103 2980 4242; baseline 0.001 -85"><span class='ocrx_word' id='word_1_347' title='bbox 722 4103 1003 4241; x_wconf 56' lang='grc' dir='ltr'>Βαῐιιξιῖιω</span> <span class='ocrx_word' id='word_1_348' title='bbox 1062 4189 1116 4242; x_wconf 71' lang='lat' dir='ltr'><em>A</em></span> <span class='ocrx_word' id='word_1_349' title='bbox 1215 4103 1284 4158; x_wconf 85' lang='grc'>23</span> <span class='ocrx_word' id='word_1_350' title='bbox 1335 4107 1504 4159; x_wconf 86' lang='lat' dir='ltr'>metat</span> <span class='ocrx_word' id='word_1_351' title='bbox 1550 4105 1607 4159; x_wconf 87' lang='lat' dir='ltr'>B</span> <span class='ocrx_word' id='word_1_352' title='bbox 1656 4106 1773 4172; x_wconf 81' lang='lat' dir='ltr'>(sed</span> <span class='ocrx_word' id='word_1_353' title='bbox 1814 4106 2000 4160; x_wconf 80' lang='lat' dir='ltr'>statim</span> <span class='ocrx_word' id='word_1_354' title='bbox 2045 4111 2187 4161; x_wconf 80' lang='lat' dir='ltr'>recte</span> <span class='ocrx_word' id='word_1_355' title='bbox 2230 4109 2417 4172; x_wconf 88' lang='lat' dir='ltr'>metet)</span> <span class='ocrx_word' id='word_1_356' title='bbox 2637 4109 2693 4161; x_wconf 88' lang='lat' dir='ltr'>et</span> <span class='ocrx_word' id='word_1_357' title='bbox 2738 4107 2980 4176; x_wconf 90' lang='lat' dir='ltr'>qui--et</span> 
     </span>
     <span class='ocr_line' id='line_1_38' title="bbox 723 4190 1026 4243; baseline 0.003 -2"><span class='ocrx_word' id='word_1_358' title='bbox 723 4190 865 4242; x_wconf 82' lang='lat' dir='ltr'>mete</span> <span class='ocrx_word' id='word_1_359' title='bbox 927 4203 1026 4243; x_wconf 90' lang='lat' dir='ltr'>om.</span> 
     </span>
    </p>
   </div>
   <div class='ocr_carea' id='block_1_7' title="bbox 380 4465 879 4656">
    <p class='ocr_par' dir='ltr' id='par_1_7' title="bbox 380 4465 879 4656">
     <span class='ocr_line' id='line_1_39' title="bbox 380 4465 879 4656; baseline 0 -16"><span class='ocrx_word' id='word_1_360' title='bbox 380 4465 879 4656; x_wconf 38' lang='grc' dir='ltr'><em>α</em></span> 
     </span>
    </p>
   </div>
  </div>
 </body>
</html>
