3380 4919
730 333 852 397 182
1338 362 1343 367 ·
1616 370 1619 375 »
1697 330 2011 385 Saluiani

726 521 852 584 iam
896 519 1146 603 quidem
1203 538 1385 603 supra
1446 519 1572 585 dixi
1629 519 1987 601 saepissime
2035 519 2101 582 in
2146 518 2243 584 dei
2289 521 2514 602 populo
2560 520 2750 584 etiam
2796 518 2984 583 11111118

728 621 969 687 facinus
1024 625 1275 704 pestem
1316 621 1534 687 ¹fuisse
1591 620 1955 700 multorum,
2028 620 2195 686 sicut
2251 640 2321 685 ex
2377 622 2549 686 furto
2596 622 2806 687 Achar
2848 621 2978 686 ruit

726 725 1005 807 populuS‚
1073 725 1238 790 sicut
1297 743 1368 789 ex
1426 725 1556 789 zelo
1604 723 1810 790 Saulis
1882 728 2020 791 orta
2086 726 2183 790 est
2252 725 2631 808 pestilentia,
2698 725 2863 789 siout
2906 742 2978 788 ex

727 828 926 893 sancti
1000 827 1205 893 Dauid
1279 828 1774 892 dinumeratione
1847 829 2224 893 mortalitas
2297 828 2409 891 -ita
2476 829 2574 892 est
2646 826 2811 892 enim
2867 827 2979 892 dei

730 932 986 997 ecclesia
1018 932 1206 1013 quasi
1234 922 1486 996 oculus.
1554 949 1703 994 nam
1747 934 1819 994 ut
1864 931 1930 994 in
1968 931 2219 995 oculum
2268 930 2515 996 etiamsi
2545 949 2746 1012 parua·
2769 929 2977 995 sordes
3025 951 3055 990 ⁵

727 1033 986 1113 incidat,
1053 1034 1258 1099 totum
1325 1037 1539 1099 lumen
1605 1032 1919 1115 obcaecat,
1989 1033 2078 1097 sic
2128 1033 2193 1097 in
2240 1033 2664 1098 ecclesiastico
2729 1051 2979 1116 corpore

727 1135 976 1202 etiamsi
1024 1137 1203 1219 pauci
1239 1138 1490 1201 sordida
1533 1135 1791 1211 faciant,
1827 1127 2023 1217 'prope
2069 1136 2276 1200 totum
2320 1136 2730 1201 ecclesiastici
2773 1126 2978 1217 splen-

624 1241 706 1307 82
729 1238 893 1302 doris
958 1239 1172 1304 lumen
1245 1239 1591 1305 obfuscant.
1683 1243 1748 1303 et
1816 1239 1957 1304 ideo
2022 1228 2303 1304 saluator
2370 1240 2499 1320 ipse
2567 1239 2980 1322 principalem

728 1336 1017 1407 ecclesiae
1068 1343 1329 1425 partem
1396 1342 1644 1406 oculum
1704 1341 2051 1408 nominauit
2108 1342 2353 1406 dicens:
2423 1342 2756 1406 lucerna
2819 1330 2979 1406 coi-²-

726 1445 939 1524 poris
1009 1444 1127 1509 tui
1195 1449 1312 1509 est
1378 1445 1655 1511 oculus
1723 1449 1925 1510 111118.
2010 1445 2078 1509 81
2145 1446 2389 1510 fuerit
2455 1447 2730 1511 oculus
2797 1446 3050 1510 tunsio

727 1544 1098 1630 simplem,
1144 1550 1396 1613 totum
1427 1566 1703 1630 corpus
1749 1552 1960 1613 tuum
1993 1548 2343 1614 lucidum
2374 1550 2558 1613 erit:
2608 1548 2673 1612 si
2723 1551 2980 1612 autem

726 1651 1017 1715 oculus·
1073 1651 1259 1720 tuus
1333 1666 1661 1734 nequam
1735 1650 2017 1728 fueri-t,
2094 1653 2344 1716 totum
2414 1669 2690 1732 corpus
2760 1654 2979 1715 tuum

725 1753 1227 1817 tenebrosum
1287 1755 1464 1818 erit.
1547 1756 1710 1818 unde
1794 1757 1854 1818 et
1935 1755 2252 1835 apostolus
2327 1753 2685 1831 nescitis,
2752 1753 2979 1836 inquit,

726 1853 908 1936 quia
961 1853 1346 1919 modicum
1414 1855 1887 1921 fermentum
1950 1858 2202 1921 totam
2258 1873 2589 1921 massam
2646 1874 2981 1921 corrum-

720 1957 902 2039 pit?
959 1953 1245 2040 quamuis
1289 1977 1403 2043 ego
1448 1959 1580 2023 illic
1623 1978 1749 2024 non
1793 1960 2107 2025 modicum
2154 1960 2230 2023 de
2273 1950 2387 2024 hoc
2416 1959 2602 2037 malo,
2650 1961 2760 2024 sed
2790 1957 3056 2022 1111111818

727 2061 921 2127 fuisse
967 2061 1189 2137 dicam,
1238 2079 1360 2126 non
1405 2063 1551 2143 quia
1595 2063 1817 2127 molles
1861 2063 2119 2145 plurimi
2161 2063 2433 2141 fuerunt,
2480 2065 2586 2128 sed
2634 2064 2777 2145 quia
2821 2063 2980 2126 mol—

725 2165 894 2231 lities
956 2184 1288 2250 paucorum
1350 2168 1516 2232 labes
1576 2170 1672 2231 est
1734 2167 2165 2249 plurimorum.
2237 2184 2385 2231 nam
2442 2168 2556 2230 etsi
2614 2165 2796 2248 pauci
2851 2165 2981 2229 sint

728 2269 833 2352 qui
878 2271 1243 2336 dedecorosa
1301 2270 1675 2350 sustineant,
1734 2262 1922 2335 multi
1970 2272 2121 2335 sunt
2164 2269 2269 2352 qui
2314 2286 2654 2352 paucorum
2699 2269 2979 2334 sordibus

725 2374 1104 2456 polluantur.
1165 2375 1329 2439 sicut
1375 2374 1544 2438 enim
1589 2393 1716 2439 una
1760 2375 2055 2439 meretrix
2100 2375 2338 2439 multos·
2369 2373 2773 2438 fornicatores
2806 2371 2976 2450 facit,

727 2478 818 2542 sic
861 2477 1197 2560 plurimam
1263 2478 1459 2543 ferme
1516 2479 1735 2561 populi
1790 2482 2031 2561 partem
2090 2476 2386 2560 inquinat
2442 2495 2783 2559 paucorum
2829 2476 2979 2541 effe·
3000 2494 3051 2537 20

722 2580 1107 2647 minatorum
1162 2582 1575 2647 abominanda
1631 2582 1980 2666 permixtio.
2056 2583 2118 2647 et
2172 2580 2377 2646 nescio
2424 2582 2530 2664 qui
2576 2581 2980 2645 8011111181118

728 2684 915 2750 deum
984 2685 1321 2749 deteriores
1388 2684 1534 2761 sint,
1604 2703 1748 2749 cum
1818 2684 2062 2767 aequali
2126 2688 2192 2749 in
2257 2685 2505 2767 scriptis
2571 2684 2762 2749 sacris
2818 2685 2981 2749 sorte

729 2789 1120 2853 damnentur.
1192 2806 1435 2869 neque
1482 2789 1683 2852 enim
1729 2788 2043 2865 molles,
2100 2787 2337 2871 inquit,
2397 2805 2644 2871 neque
2691 2805 2982 2853 mascu-

625 2886 980 2955 83lorum
1038 2889 1600 2955 concubitores
1653 2908 1978 2973 regnum
2035 2890 2156 2956 dei
2209 2891 2754 2973 possidebunt.
2823 2887 2983 2954 illud

730 3010 872 3075 ergo
914 2993 1116 3076 magis
1160 2993 1707 3076 ingemescendum
1729 2985 1927 3075 ‘atque
1963 2994 2307 3079 lugendum
2338 2997 2449 3075 est,
2498 2994 2659 3078 quod
2693 2993 2819 3059 tale
2866 2992 2980 3056 hoc
3002 3008 3052 3049 2⁵

728 3096 928 3159 scelus
975 3096 1208 3160 crimen
1258 3097 1450 3161 etiam
1494 3096 1689 3161 totius
1734 3096 1826 3163 rei
1871 3098 2156 3180 publicae
2200 3099 2530 3164 uidebatur
2574 3100 2639 3161 et
2681 3096 2983 3161 uniuersa

727 3198 995 3265 Romani
1054 3200 1326 3265 nominis
1380 3200 1656 3282 dignitas
1712 3200 2005 3266 facinoris
2064 3201 2403 3284 prodigiosi
2456 3200 2823 3265 inurebatur
2880 3198 2982 3262 in-

726 3301 936 3368 famia.
1006 3320 1147 3368 cum
1192 3303 1361 3368 enim
1403 3303 1775 3369 muliebrem
1818 3304 2107 3370 habitum
2153 3304 2278 3369 uiri
2326 3306 2648 3370 sumerent
2683 3305 2747 3369 et
2777 3301 2982 3387 magis

933 3532 967 3586 2
1011 3534 1169 3588 Ιο8110
1194 3532 1233 3610 ,17
1408 3532 1444 3586 4
1489 3533 1519 3587 I
1554 3533 1682 3602 Reg.
1722 3534 1804 3588 19.
1876 3533 1935 3589 II
1971 3533 2103 3614 Reg.
2140 3533 2209 3592 24
2381 3534 2413 3587 9
2455 3532 2655 3590 Matth.
2692 3534 2744 3600 6,
2779 3534 2847 3587 22

732 3620 796 3674 13
842 3619 872 3673 I
908 3618 1026 3676 Cor.
1060 3621 1109 3687 5,
1147 3621 1179 3673 6
1386 3619 1455 3673 23
1499 3619 1529 3673 I
1552 3619 1683 3700 'Con
1723 3620 1771 3685 6,
1810 3620 1884 3684 101

832 3831 866 3884 2
913 3831 1058 3885 furto
1095 3846 1165 3885 ex
1199 3832 1349 3885 furtu
1386 3832 1441 3885 A
1477 3846 1614 3886 corr.
1649 3847 1719 3886 m.
1755 3834 1792 3886 2
1996 3832 2030 3885 3
2084 3833 2268 3885 exorta
2322 3831 2402 3885 B·
2578 3834 2615 3885 4
2661 3831 2834 3886 sancti
2883 3831 2983 3888 om.

726 3916 783 3972 Β
799 3916 892 3983 (Τ)
1098 3918 1468 3972 numeratione
1513 3918 1568 3972 Β
1776 3917 1811 3971 5
1855 3915 2029 3970 sordes
2078 3932 2148 3971 σω
2192 3915 2363 3970 sordis
2415 3919 2468 3970 A
2505 3925 2645 3972 corr.
2680 3931 2747 3971 m.
2771 3909 2825 3971 ‘2
2877 3923 2984 3970 sor-

728 4000 810 4055 dis
846 4001 901 4055 B
1086 4002 1154 4056 10
1190 4003 1374 4056 00111118
1410 4005 1541 4056 tuus·
1570 4002 1742 4056 fuerit
1777 4002 1832 4056 Β
1893 4031 1902 4041 ·
2020 4002 2090 4056 15
2125 4003 2243 4073 ego]
2267 3993 2407 4071 ⁸ergo
2443 4003 2498 4055 A
2683 4002 2748 4057 16
2785 4002 2984 4056 fuerint

727 4087 784 4143 Β
821 4086 967 4156 (fuef‘
1006 4089 1081 4155 A)
1276 4090 1533 4144 mollicies
1570 4090 1680 4144 AB
1877 4088 1941 4141 17
1977 4087 2126 4142 labes
2163 4103 2230 4143 ex
2264 4088 2401 4143 labis
2435 4088 2491 4141 A
2525 4103 2682 4142 com
2701 4104 2771 4143 m.
2807 4092 2847 4142 2

730 4173 845 4227 sint
878 4189 920 4228 8.
955 4188 1061 4232 scr.
1096 4190 1131 4228 u
1167 4192 1234 4228 m.
1270 4179 1306 4229 2
1342 4175 1398 4229 A
1450 4176 1578 4229 sunt
1613 4174 1668 4228 Β
1866 4174 1938 4227 22
1972 4174 2214 4228 sorde‘A
2407 4174 2479 4228 «25
2514 4174 2983 4243 ingemescendum

728 4260 824 4317 sed
858 4252 886 4315 e
921 4260 1117 4317 tertiae
1149 4261 1266 4331 syll.
1301 4266 1435 4316 mut.
1473 4262 1537 4315 in
1573 4261 1593 4314 i
1628 4276 1697 4315 m.
1724 4262 1766 4314 2
1797 4261 1853 4315 A
2047 4262 2054 4272 '
