3380 4919
1103 302 1177 356 de
1212 299 1488 371 gubern.
1525 301 1632 355 dei
1680 301 1760 355 VI
1806 304 1836 367 ᾖ
1870 301 2057 357 8-14.
2583 303 2701 371 127

458 508 602 556 uero
637 508 940 573 umquam
985 490 1121 557 fieri
1165 489 1430 557 debeant
1474 509 1631 574 quae
1677 492 1861 556 deum
1907 492 2174 569 laedant,
2220 490 2500 557 antideo
2544 510 2700 575 quae

456 593 625 659 mala
683 594 834 659 sunt
893 592 1046 659 bene
1088 593 1265 673 fiant,
1313 593 1458 676 quia
1500 613 1626 660 non
1670 594 1902 678 iugiter
1945 593 2121 659 fiant.
2189 611 2344 659 »nam
2389 596 2452 658 et
2496 595 2701 660 homi-

458 696 637 762 cidae
680 695 963 762 homines
1004 715 1133 763 non
1174 715 1414 778 semper
1458 698 1751 763 occidunt
1776 699 1844 762 et
1881 696 2231 762 homicidae
2274 696 2488 761 tamen
2533 704 2701 780 sunt,

457 798 650 864 etiam
694 800 938 882 quando
994 816 1117 865 non
1160 799 1468 878 occidunt,
1532 800 1681 881 quia
1722 798 2038 865 interdum
2085 798 2453 881 polluuntur
2495 798 2703 864 homi-

413 923 440 964 5
458 902 635 968 cidio.
684 906 748 966 et
779 902 1052 967 latrones
1081 920 1293 967 omnes
1325 919 1442 966 non
1490 920 1740 984 semper
1781 901 2236 968 latrocinantur
2279 900 2386 967 sed
2428 902 2703 967 latrones

457 1009 673 1070 tamen
714 1022 848 1070 esse
890 1022 1015 1069 non
1071 1004 1383 1084 desinunt,
1451 1003 1600 1087 quia
1657 1004 1849 1070 etiam
1894 1024 2038 1069 cum
2082 1007 2265 1071 rebus
2310 1003 2463 1086 ipsis
2506 1004 2702 1071 latro-

458 1106 624 1173 cinia
667 1125 789 1171 non
836 1111 1051 1190 agunt,
1098 1107 1326 1172 animis
1370 1110 1582 1172 tamen
1623 1126 1663 1171 a
1706 1107 2034 1173 latrocinio
2084 1125 2205 1174 non
2251 1108 2568 1174 recedunt.
2607 1111 2705 1176 sic

458 1208 673 1292 utique
716 1227 930 1275 omnes
967 1210 1050 1288 hi,
1096 1211 1204 1293 qui
1226 1210 1603 1294 spectaculis
1647 1209 2004 1275 istiusmodi
2049 1210 2459 1289 delectantur,
2508 1213 2702 1278 etiam

460 1313 706 1397 quando
749 1331 868 1379 non
916 1313 1224 1396 spectant,
1269 1312 1502 1379 innoxii
1533 1316 1746 1379 tamen
1777 1316 1856 1379 ab
1898 1315 2394 1396 spectaculorum
2439 1315 2702 1398 piaculis

393 1439 442 1481 ιο
459 1419 667 1482 mente
708 1434 833 1482 non
878 1420 1043 1495 sunt,
1090 1420 1236 1500 quia
1280 1436 1522 1499 semper
1556 1417 1767 1482 =uelint
1810 1420 2108 1500 spectare,
2157 1418 2208 1482 si
2252 1416 2514 1501 possint.
2591 1437 2704 1483 nec
2727 1414 2807 1480 12

459 1517 661 1582 solum
714 1519 838 1586 hoc
892 1518 1003 1584 sed
1060 1523 1213 1589 sunt
1255 1518 1379 1585 alia
1424 1520 1677 1584 maiora.
1756 1518 1908 1601 quid
1953 1519 2170 1584 enim?
2235 1522 2535 1603 numquid
2579 1539 2705 1586 non

459 1621 814 1687 consulibus
876 1622 940 1688 et
994 1621 1157 1706 pulli
1217 1623 1420 1690 adhuc
1477 1622 1813 1707 gentilium
1858 1620 2330 1706 sacrilegiorum
2379 1643 2546 1690 more
2593 1642 2704 1709 pa-

461 1726 721 1790 scuntur
750 1725 816 1789 et
844 1726 1116 1792 uolantis
1162 1726 1391 1809 pinnae
1433 1726 1698 1810 auguria
1742 1729 2127 1811 quaeruntur
2150 1744 2230 1792 ac
2257 1745 2460 1810 paene,
2497 1729 2708 1793 omnia

459 1826 640 1906 fiunt,
695 1848 852 1910 quae
914 1829 1109 1896 etiam
1163 1830 1262 1894 illi
1316 1831 1624 1913 quondam
1682 1831 1907 1913 pagani
1954 1831 2196 1896 ueteres
2243 1830 2476 1895 friuula
2519 1834 2706 1913 atque

395 1957 443 1996 ιο
459 1929 790 1998 inridenda
834 1933 1183 2000 duxerunt?
1244 1935 1306 1997 et
1353 1951 1494 1999 cum
1538 1933 1696 1999 haec
1730 1934 1937 1999 omnia
1981 1933 2102 2016 ipsi
2131 1938 2340 2018 agant,
2388 1934 2493 2014 qui
2523 1933 2703 1998 annis

460 2034 715 2098 nomina
757 2034 1046 2102 tribuunt
1091 2041 1155 2102 et
1182 2057 1222 2102 a
1264 2037 1486 2122 quibus
1530 2040 1677 2102 anni
1723 2037 1850 2118 ipsi
1892 2038 2211 2119 exordium
2257 2038 2531 2118 sumunt,
2576 2057 2704 2102 ene-

459 2136 665 2201 dimus
720 2138 898 2204 nobis
957 2142 1107 2207 bene
1162 2159 1356 2206 annos
1400 2158 1576 2224 posse
1622 2145 1967 2222 procedere,
2013 2142 2120 2224 qui
2164 2159 2203 2206 a
2245 2142 2427 2206 rebus
2473 2140 2704 2206 talibus

460 2239 834 2307 ordiuntur?
889 2246 1076 2326 atque
1131 2243 1375 2309 utinam
1433 2243 1597 2309 sicut
1640 2245 1792 2311 haec
1834 2247 2087 2326 propter
2130 2244 2410 2309 consules
2455 2244 2705 2308 tantum

459 2341 642 2426 fiunt,
687 2344 782 2410 ita
822 2344 966 2411 illos
1026 2348 1275 2411 tantum
1328 2345 1730 2425 incestarent,
1790 2352 2039 2429 propter
2095 2363 2246 2429 quos
2292 2345 2471 2409 fiunt.
2545 2346 2705 2411 illud
2731 2347 2808 2412 13

391 2469 444 2511 80
463 2445 557 2512 est
600 2445 1048 2515 feralissimum
1093 2451 1156 2515 et
1198 2449 1664 2533 grauissimum,
1712 2450 1877 2533 quod
1922 2450 2070 2515 dum
2109 2467 2414 2516 consensu
2458 2448 2707 2533 publico

461 2555 752 2629 aguntur,
801 2550 995 2617 honor
1037 2554 1546 2636 paucissimorum
1589 2553 1662 2618 fit
1707 2554 1937 2618 crimen
1985 2552 2262 2617 omnium
2307 2570 2379 2617 ac
2408 2551 2519 2630 sic,
2565 2570 2707 2617 cum

461 2651 728 2735 singulis
770 2657 948 2720 annis
992 2654 1127 2722 bini
1172 2656 1644 2740 inaugurentur,
1690 2675 1879 2739 prope
1924 2660 2021 2721 est
2056 2655 2226 2721 utin
2257 2655 2429 2720 omni
2475 2656 2706 2720 mundo

460 2756 672 2824 nullus
724 2759 967 2824 euadat.

546 2876 664 2942 ΙΙΙ.
734 2877 852 2944 Sed
911 2881 985 2945 de
1032 2881 1134 2944 his
1189 2883 1482 2963 putemus
1538 2881 1655 2946 hoc
1699 2880 1854 2947 satis
1901 2898 2055 2958 esse,
2103 2879 2264 2962 quod
2308 2881 2544 2946 dictum
2590 2883 2705 2956 est,
2730 2876 2811 2943 14
2915 2954 2924 2962 ‚

395 3002 447 3043 π
463 2997 635 3064 quae,
684 2986 754 3045 ut
797 2982 919 3065 ipsi
950 2984 1274 3062 excusati&
1321 3000 1444 3048 non
1472 3003 1717 3068 semper
1759 2984 1934 3048 fiunt.
1997 2983 2071 3046 de
2116 2983 2449 3049 cotidianis
2491 2984 2706 3048 'tamen

458 3083 947 3151 obscenitatibus
992 3088 1350 3171 loquamur:
1396 3106 1548 3168 quas
1589 3088 1743 3152 tales
1773 3092 2007 3153 actam
2039 3087 2395 3152 innumeras
2439 3086 2708 3170 legiones

463 3186 831 3253 daemonum
864 3190 1383 3275 excogitauerunt
1430 3194 1500 3255 ut
1531 3190 1723 3256 etiam
1753 3191 2049 3257 honestae
2080 3207 2153 3256 a‘c
2178 3189 2413 3273 probae
2439 3192 2703 3267 mentes,

463 3289 580 3355 etsi
624 3293 953 3359 nonnullas
999 3313 1211 3359 earum
1241 3311 1528 3377 spernere
1558 3297 1623 3357 et
1653 3294 1894 3359 calcare
1924 3298 2202 3377 possunt,
2251 3310 2463 3358 omnes
2494 3295 2708 3358 tamen

461 3393 709 3474 penitus
767 3414 1054 3480 superare
1099 3397 1201 3461 uix
1257 3396 1516 3478 possint.
1593 3396 1757 3460 sicut
1814 3399 1976 3460 enim
2023 3398 2325 3461 exercitus
2370 3394 2707 3479 pugnaturi

566 3635 601 3686 3
638 3650 743 3689 non
778 3651 987 3703 semper
1020 3650 1129 3689 non
1164 3633 1415 3689 occidunt
1449 3634 1504 3689 Β
1537 3647 1609 3688 m.
1635 3637 1696 3696 1;
1749 3633 1813 3687 in
1847 3632 2030 3687 οοόοηι
2062 3647 2202 3701 seqq.
2236 3631 2411 3685 uerba
2445 3634 2501 3684 et
2533 3631 2707 3685 homi·

463 3720 613 3775 uidae
637 3724 818 3776 tamen
842 3725 972 3776 sunt
990 3722 1163 3776 etiam
1186 3721 1403 3790 quando
1426 3735 1532 3774 non
1556 3718 1803 3774 occidunt
1823 3720 1889 3773 im
1909 3718 2168 3773 εώεῶυῑα
2194 3717 2412 3774 adiecta
2436 3723 2570 3773 sumt

464 3809 498 3862 6
519 3810 703 3861 tamen
724 3822 841 3862 esse
862 3824 970 3862 non
995 3808 1421 3864 Rider-abusione:
1458 3811 1641 3860 tamen
1662 3820 1772 3859 non
1791 3804 2044 3859 ouem
2202 3805 2239 3859 8
2258 3804 2342 3859 hii
2366 3805 2422 3860 Β
2580 3805 2706 3860 {lab

462 3895 545 3948 A:
592 3911 623 3947 a
659 3910 779 3949 cum
811 3895 866 3948 Β
891 3895 1151 3949 Halmius
1340 3894 1408 3947 10
1440 3892 1643 3947 uellent
1677 3891 1735 3945 Β
1920 3889 2129 3959 possint
2164 3892 2404 3959 (possent
2436 3907 2505 3945 m.
2527 3893 2592 3954 2)
2625 3892 2708 3945 A:

463 3981 683 4048 possent
715 3981 772 4035 Β
972 3982 1042 4035 13
1085 3981 1280 4049 pinnae
1315 3983 1538 4048 (veranne
1570 3994 1636 4032 m.
1676 3978 1738 4046 2)
1773 3977 1855 4029 A:
1908 3992 2107 4045 pennae
2142 3977 2196 4030 Β
2273 4023 2279 4028 .
2404 3977 2471 4031 14
2513 3976 2709 4032 friuola

463 4066 517 4119 Β
546 4067 656 4133 cfr.
678 4065 915 4121 ad1125
1114 4065 1184 4119 21
1221 4066 1309 4130 sic,
1346 4079 1465 4118 cum
1488 4064 1806 4118 Horatius:
1851 4062 1936 4116 si&
1967 4062 2021 4116 A
2063 4061 2205 4117 sicut
2241 4062 2295 4117 Β
2339 4063 2430 4126 sic,
2466 4065 2533 4116 ut
2566 4062 2707 4117 Baz-

462 4152 606 4206 mins
809 4153 879 4207 24
925 4153 1059 4206 satis
1104 4151 1309 4206 dictum
1352 4165 1464 4204 esse
1508 4149 1653 4219 quod
1682 4153 1769 4204 est
1802 4149 1857 4203 Β
2061 4149 2131 4205 25
2164 4150 2364 4219 tamen]
2399 4150 2620 4203 tantum
2654 4148 2710 4203 Β

463 4237 569 4291 iam
608 4239 1010 4295 Rittcrshusius
1214 4237 1282 4291 29
1319 4236 1562 4305 paenitus
1597 4237 1652 4290 A
