3380 4919
1116 320 1193 373 ad
1227 319 1585 374 ecclesiam
1630 319 1659 374 I
1698 326 1728 385 5
1763 321 1984 375 49-55.
2550 325 2673 389 241

424 512 690 592 placent.
766 527 883 575 nec
937 511 1102 575 enim
1161 509 1406 575 animus
1456 508 1664 575 dantis
1724 511 1889 575 datis
1946 511 2055 575 sed
2112 512 2319 576 animo
2366 527 2680 579 commen-

426 616 652 679 dantur
697 614 863 691 data,
920 633 1032 680 nec
1087 616 1352 697 pecunia
1396 614 1582 680 fidem
1628 613 1911 679 insinuat
1967 615 2075 680 sed
2132 617 2460 697 pecuniam
2503 618 2680 684 fides,

427 734 499 781 ac
540 736 650 801 per
706 717 824 783 hoc
882 719 985 800 qui
1046 719 1335 801 prodesse
1395 718 1517 783 sibi
1566 718 1710 782 uult
1755 736 1916 799 quae
1960 718 2072 783 deo
2119 719 2299 784 offert
2342 720 2457 784 hoc
2500 722 2681 787 modo

428 821 662 887 offerat.
734 840 935 904 neque
980 821 1146 887 enim
1192 822 1376 885 homo
1422 822 1534 886 deo
1579 825 1857 904 praestat
1899 820 2272 888 beneficium
2302 824 2368 888 in
2399 824 2495 888 his
2525 844 2682 907 quae

382 924 683 1004 adederit,
751 928 859 992 sed
926 926 1074 991 deus
1119 926 1187 990 in
1231 925 1328 990 his
1387 925 1626 990 homini
1686 943 1841 1007 quae
1900 926 2221 1008 acceperit,
2291 930 2439 1010 quia
2489 931 2683 994 etiam

428 1029 589 1111 quod
646 1029 831 1095 homo
890 1030 1081 1096 habet
1140 1030 1238 1094 dei
1284 1048 1356 1095 ac
1407 1029 1642 1094 domini
1689 1030 1787 1095 sui
1832 1048 2061 1095 munus
2105 1035 2222 1097 est.
2299 1050 2371 1096 ac
2413 1051 2523 1115 per
2567 1034 2684 1098 hoc

424 1133 494 1196 in
552 1132 668 1214 his,
729 1151 887 1216 quae
945 1133 1292 1199 offeruntur
1349 1135 1426 1198 ab
1491 1133 1760 1212 homine,
1822 1133 2006 1198 homo
2063 1152 2183 1198 non
2227 1154 2414 1200 suum
2456 1137 2683 1215 reddit,

427 1236 711 1303 dominus
752 1255 938 1303 suum
983 1236 1226 1319 recipit.
1299 1238 1511 1320 itaque
1557 1254 1699 1301 cum
1744 1236 1930 1302 offert
1976 1238 2088 1303 de'o
2121 1239 2432 1321 quispiam
2475 1240 2680 1304 facul·
2703 1235 2792 1302 54

425 1341 591 1404 tates
634 1358 801 1417 suas,
848 1358 973 1405 non
1019 1341 1240 1406 offerat
1271 1341 1450 1422 quasi
1494 1343 2004 1424 praesumptione
2038 1343 2328 1408 donantis
2361 1344 2469 1408 sed
2501 1345 2683 1425 quasi

360 1459 409 1497 ιο
427 1443 789 1508 humilitate
848 1444 1170 1524 soluentis,
1235 1463 1345 1509 nec
1390 1445 1714 1510 absoluere
1760 1463 1824 1509 se
1869 1447 2120 1526 peccata
2164 1465 2276 1510 sua
2321 1449 2534 1511 credat
2576 1450 2684 1513 sed

428 1548 738 1626 adleuare,
786 1565 898 1612 nec
942 1547 1162 1613 offerat
1198 1567 1343 1613 cum
1373 1548 1823 1630 redemptionis
1871 1547 2099 1613 fiducia
2130 1550 2239 1614 sed
2271 1569 2414 1615 cum
2446 1549 2685 1633 suppli-

428 1653 688 1717 cationis
748 1650 972 1731 offici0,
1035 1670 1145 1716 nec
1204 1653 1382 1733 quasi
1440 1655 1644 1717 totum
1706 1652 1988 1717 debitum
2041 1652 2303 1718 reddens
2350 1656 2457 1719 sed
2504 1655 2684 1737 quasi

425 1755 532 1819 uel
589 1773 853 1838 paruum
899 1756 975 1820 de
1021 1773 1250 1837 magno
1315 1755 1569 1820 reddere
1631 1756 1907 1836 cupienS,
1979 1757 2125 1837 quia
2182 1757 2432 1821 etiamsi
2475 1758 2687 1821 tradat

427 1860 590 1942 quod
660 1857 848 1924 habet
913 1876 1026 1940 pro
1092 1860 1274 1924 modo
1339 1878 1568 1942 rerum,
1637 1876 1763 1922 non
1829 1859 2032 1924 reddit
2100 1860 2263 1941 quod
2330 1862 2510 1927 debet
2576 1878 2687 1942 pro

360 1980 407 2018 1⁵
427 1962 856 2044 magnitudine
899 1963 1316 2043 peccatorum.
1386 1964 1452 2028 et
1492 1962 1650 2040 idae,
1700 1962 1849 2027 licet
1894 1962 2131 2043 offerat,
2180 1964 2315 2029 oret
2361 1964 2566 2042 deum,
2613 1967 2690 2029 ut

427 2084 538 2130 sua
601 2066 844 2148 placeat
909 2067 1162 2145 oblatio,
1235 2067 1534 2148 plangens
1602 2067 1669 2131 id
1735 2065 1946 2148 ipsum
2014 2071 2175 2148 quod
2242 2069 2418 2132 tarde
2485 2069 2684 2147 offert,

428 2168 731 2252 plangens
777 2187 851 2234 ac
894 2168 1217 2249 paenitens
1266 2172 1427 2252 quod
1461 2187 1581 2233 non
1627 2170 1837 2252 prius:
1884 2170 1975 2233 sic
2018 2170 2155 2251 erit,
2203 2174 2276 2234 ut
2320 2172 2686 2253 iuxta‘pro-

427 2272 683 2354 phetam
728 2272 1100 2355 propitietur
1147 2271 1411 2335 forsitan
1460 2271 1614 2336 deus
1662 2271 1908 2336 delictis
1954 2274 2100 2336 tuis.

513 2390 625 2456 XI.
687 2392 817 2458 Sed·
864 2392 1016 2458 dicit
1072 2391 1330 2476 aliquis:
1389 2395 1595 2458 totum
1652 2410 1798 2476 ergo
1854 2393 1967 2456 deo
2015 2392 2334 2456 oblaturus
2381 2396 2477 2456 est
2521 2393 2685 2475 quod
2708 2384 2794 2451 55

361 2498 667 2563 achabet?
738 2516 861 2562 non
909 2496 1128 2562 offerat
1172 2499 1383 2561 totum
1427 2498 1590 2580 quod
1635 2498 1847 2575 habet,
1895 2496 1947 2561 si
1992 2513 2113 2561 non
2158 2499 2338 2577 putat
2369 2515 2432 2561 se
2462 2495 2688 2562 debere

427 2602 632 2665 totum
681 2601 842 2682 quod
889 2600 1096 2664 habet.
1171 2618 1294 2664 non
1339 2618 1562 2682 quaero
1608 2601 1786 2665 cuius
1831 2599 1917 2664 sit
1961 2600 2125 2680 quod
2161 2600 2436 2678 offertur,
2483 2617 2522 2664 a
2566 2618 2687 2682 quo

431 2706 517 2768 sit
560 2707 887 2784 acceptum
933 2702 1079 2767 ante
1129 2705 1290 2785 quod
1333 2703 1647 2768 redditur:
1696 2705 1814 2769 hoc
1844 2704 1985 2770 dico
2031 2704 2251 2781 solum,
2300 2721 2421 2767 non
2468 2704 2690 2768 offerat

429 2808 636 2872 totum
694 2823 805 2887 pro
868 2804 1098 2884 debito,
1156 2806 1209 2870 si
1256 2805 1476 2871 debere
1521 2825 1588 2872 se
1629 2810 1838 2873 totum
1896 2825 2021 2872 non
2077 2808 2260 2889 putat
2318 2824 2427 2888 pro
2488 2808 2687 2870 reatu.

430 2914 630 2976 totum
696 2927 860 2993 ergo,
923 2910 1132 2991 inquit
1192 2910 1474 2991 quamuis
1534 2914 1820 2992 peccator
1863 2908 2107 2992 aliquiS‚
2170 2908 2497 2973 oblaturus
2544 2910 2690 2974 est?

363 3031 414 3077 25
430 3013 626 3078 immo
671 3013 849 3090 nihil,
895 3014 948 3077 si
993 3031 1110 3078 non
1160 3032 1301 3078 cum
1346 3014 1489 3092 fide,
1539 3014 1731 3077 immo
1778 3013 1957 3091 nihil,
2001 3013 2058 3077 si
2087 3032 2209 3077 non
2242 3032 2384 3078 cum
2418 3014 2685 3091 ambitu,

430 3117 627 3181 immo
673 3116 850 3201 nihil,
898 3118 954 3181 si
997 3135 1119 3181 non
1152 3135 1295 3181 cum
1339 3136 1536 3198 prece,
1583 3116 1777 3180 immo
1824 3115 2004 3195 nihil,
2051 3116 2104 3181 si
2148 3135 2270 3180 non
2314 3116 2429 3181 hoc
2459 3116 2687 3193 animo,

433 3225 504 3283 ut
567 3219 682 3282 hoc
750 3219 957 3300 ipsum
1023 3219 1187 3284 inter
1253 3219 1586 3301 praecipua
1652 3219 1952 3284 beneficia
2019 3219 2121 3284 dei
2186 3223 2455 3303 reputet,
2524 3220 2689 3300 quod

540 3480 568 3531 1
607 3479 783 3531 aenim
819 3479 874 3531 A.
1077 3478 1113 3531 2
1159 3477 1294 3531 fides
1330 3494 1400 3531 ex
1433 3476 1557 3531 fidis
1592 3492 1733 3531 corr.
1770 3494 1836 3530 m.
1876 3481 1917 3531 2
1949 3477 2064 3530 AB
2272 3475 2333 3529 11
2381 3474 2692 3543 plicationis

433 3565 485 3619 B
537 3564 858 3634 placationis
895 3565 1043 3631 (cum
1066 3564 1118 3629 b)
1160 3564 1244 3618 ed.
1284 3563 1562 3618 Baluzius
1770 3563 1835 3618 16
1881 3562 1939 3616 id
1974 3561 2396 3630 ipsum—offert
2429 3561 2689 3629 plangens

434 3667 535 3705 om.
569 3651 692 3705 AB
705 3650 811 3716 (b);
864 3649 1011 3717 quod
1042 3650 1248 3719 fuyisse
1281 3649 1511 3703 uidetur
1543 3648 1832 3702 Halmium
1864 3647 1957 3715 qui
1991 3647 2133 3701 nihil
2166 3647 2233 3700 in
2269 3643 2400 3699 adm.
2435 3644 2555 3699 crit.
2594 3643 2692 3698 ad-

434 3737 644 3791 notaret
829 3735 890 3788 17
928 3733 1172 3802 penitens
1206 3735 1262 3787 B
1444 3734 1628 3802 sicque
1663 3734 1884 3796 (iterum
1917 3747 2044 3786 cwm
2072 3732 2123 3797 b)
2163 3731 2244 3786 ed.
2283 3730 2555 3784 Baluzius

435 3824 541 3876 erit
572 3838 614 3886 s,
637 3838 740 3876 scr.
764 3838 836 3874 m.
860 3823 900 3874 2
935 3835 1002 3889 ge
1035 3825 1098 3873 ut
1132 3820 1206 3873 sit
1239 3819 1411 3888 egerit
1444 3821 1500 3873 A
1710 3819 1775 3873 18
1806 3820 1918 3872 tuis
1951 3834 1993 3873 a.
2028 3833 2132 3873 scr.
2167 3835 2238 3872 m.
2264 3820 2305 3871 2
2356 3817 2471 3871 eius
2506 3817 2562 3871 A
2600 3817 2691 3884 (cf.

433 3910 592 3975 infra
612 3914 659 3973 §—
689 3910 812 3973 62):
850 3907 963 3959 suis
996 3906 1052 3959 B
1086 3905 1217 3971 fort.
1242 3910 1383 3960 recte
1404 3906 1495 3960 uel
1517 3906 1677 3961 scrib.
1703 3906 1841 3966 einez
1875 3904 1974 3969 cst.
2000 3903 2131 3957 adn.
2156 3904 2277 3960 crit.
2302 3902 2378 3957 ad
2400 3903 2471 3957 Π
2487 3905 2554 3957 51

435 3994 505 4048 20
538 3994 586 4048 si
618 4009 727 4047 non
762 3991 1172 4061 putat-habet
1206 4007 1307 4046 om.
1344 3992 1401 4046 B
1594 3993 1663 4045 21*
1698 4007 1792 4045 nee
1830 4003 1991 4059 quero
2024 3991 2081 4044 B
2275 3990 2499 4044 offertur
2532 3990 2624 4044 uel
2659 4006 2694 4044 a

437 4098 540 4151 quo
565 4082 782 4147 (iterum
806 4093 929 4136 cum
953 4079 1006 4146 b)
1033 4078 1115 4133 ed.
1142 4079 1418 4133 Balanitae
1622 4077 1693 4132 22
1727 4078 1906 4133 reddit
1942 4095 2013 4133 ex
2047 4077 2291 4133 redditur
2326 4094 2468 4133 corr.
2492 4093 2695 4132 rasura

435 4169 491 4221 A
701 4167 771 4221 24
823 4166 1003 4233 inquit
1053 4165 1302 4232 quamuis
1356 4166 1550 4234 aliquis
1602 4168 1844 4234 peccator
1898 4165 2124 4234 (iterum
2165 4181 2289 4221 cum
2335 4165 2387 4231 b)
2441 4164 2523 4220 ed.
2576 4164 2694 4217 Ba-

435 4253 619 4308 luzius
825 4250 892 4306 26
929 4266 1110 4318 praece
1145 4251 1200 4304 A
1405 4251 1473 4305 27
1508 4250 1758 4320 precipua
1794 4251 1849 4304 A
1955 4281 1961 4286 -

540 4356 696 4410 VIII.
2417 4354 2479 4407 16
