3380 4919
1106 328 1180 382 ad
1219 328 1580 382 ecclesiam
1626 328 1686 382 II
1734 332 1764 393 ὅ
1800 328 2021 382 39-47.
2568 330 2696 399 259

431 520 543 586 sed
607 522 817 603 auget,
887 518 1030 599 quia
1096 517 1447 600 adsumptio
1503 516 1780 600 religiosi
1836 516 2103 582 nominis
2150 518 2394 600 sponsio
2440 523 2533 582 est
2579 519 2691 583 de-

435 624 728 706 uotioniS,
789 639 860 686 ac
904 640 1012 704 per
1070 621 1184 685 hoc
1239 621 1416 686 tanto
1461 622 1601 703 plus
1655 620 1961 703 quispiam
2009 621 2191 685 debet
2236 639 2415 704 opere
2460 625 2690 702 quanto

436 728 573 809 plus
605 726 964 808 promiserit
994 725 1391 808 professione,
1425 725 1771 789 secundum
1804 725 1996 791 illud:
2045 724 2329 789 melius
2376 729 2499 790 est
2542 744 2695 791 non

436 849 719 896 uouere
764 847 984 912 qnam
1029 830 1207 910 post
1253 832 1514 893 uotum
1562 830 1954 909 promissa
1998 847 2143 893 non
2190 828 2534 893 reddere.

384 969 420 1009 8
522 952 599 1015 X.
661 952 779 1017 Sed
824 951 1086 1017 forsitan
1131 950 1284 1016 dicit
1331 950 1594 1033 aliquis:
1659 950 1713 1015 si
1760 950 1910 1016 haec
1953 951 2044 1016 ita
2091 952 2258 1030 sunt,
2310 950 2505 1015 tutior
2550 952 2805 1036 ergo44

439 1056 536 1119 est
580 1056 1027 1138 inreligiositas
1089 1072 1278 1137 quam
1325 1054 1562 1137 religio.
1641 1055 1921 1119 minime.
1998 1054 2326 1137 religiosus
2375 1055 2540 1119 enim
2587 1073 2699 1136 per

438 1160 551 1223 hoc
597 1164 690 1224 est
739 1159 1002 1237 debitor,
1051 1162 1213 1240 quod
1250 1159 1575 1241 profitetur
1606 1158 1992 1244 religiosum,
2038 1158 2432 1241 inreligiosus
2481 1161 2696 1222 autem

437 1281 545 1345 per
588 1261 671 1338 id,
732 1263 896 1344 quod
956 1262 1298 1344 neglexerit
1343 1261 1744 1346 religionem3
1807 1279 1880 1326 ac
1924 1280 2031 1343 per
2076 1262 2189 1326 hoc
2234 1263 2414 1325 ambo
2461 1259 2696 1324 habent

436 1383 546 1447 pro
616 1366 978 1431 diuersitate
1046 1365 1423 1430 condicionis
1494 1365 1774 1431 debitum
1844 1383 2044 1429 suum.
2121 1364 2448 1448 religiosus
2517 1363 2699 1428 debet

365 1486 420 1526 ιο
438 1468 740 1549 quidquid
800 1488 864 1533 se
924 1468 1230 1551 professus
1292 1472 1385 1533 est
1446 1467 1794 1550 agnouisse,
1857 1467 2249 1548 inreligiosus
2310 1485 2457 1531 uero
2504 1468 2698 1533 etiam

439 1575 599 1655 quod
648 1590 769 1637 non
819 1572 1109 1655 dignatur
1154 1589 1509 1656 agnoscere,
1558 1574 1895 1637 secundum
1928 1570 2100 1653 illud,
2150 1570 2311 1653 quod
2342 1570 2699 1653 specialiter

438 1693 643 1740 sermo
712 1673 962 1740 diuinus
1008 1678 1082 1740 de
1128 1695 1195 1740 eo
1242 1675 1426 1740 dicitz
1495 1674 1757 1740 noluit
1825 1675 2309 1757 intellegere
2380 1678 2463 1738 ut
2506 1676 2700 1740 bene

438 1781 727 1860 ageret.
804 1779 913 1842 sed
959 1779 1170 1843 tamen
1216 1781 1359 1860 quia
1405 1796 1689 1842 onerasse
1735 1778 2059 1862 religiosos
2119 1779 2234 1843 hac
2278 1797 2344 1842 re
2390 1778 2696 1857 uidemur,
2719 1778 2808 1847 45

442 1881 587 1962 quia
636 1882 1072 1963 professionem
1119 1881 1387 1946 nominis
1433 1883 1828 1963 sponsionem
1873 1899 2005 1947 esse
2036 1880 2306 1947 diximus
2352 1880 2695 1964 religionis,

369 2001 421 2043 15
439 2003 870 2050 remoueamus
925 1986 1084 2049 hanc
1126 1984 1460 2062 sarcinam,
1523 1985 1814 2065 putemus
1861 2003 1983 2050 non
2030 1985 2122 2050 ita
2171 2003 2305 2050 esse
2352 2004 2506 2067 quae
2554 1983 2697 2049 dixi.

439 2087 899 2154 consideremus
945 2107 1066 2153 non
1114 2088 1260 2169 quid
1307 2087 1682 2170 professione
1729 2089 1834 2152 sed
1882 2090 2027 2169 quid
2073 2089 2335 2168 ratione,
2385 2106 2506 2152 non
2552 2087 2700 2168 quid

438 2193 584 2254 uoto
632 2193 735 2255 sed
802 2191 947 2272 quid
994 2191 1365 2255 salubritate
1428 2191 1561 2272 ipsa
1615 2191 1815 2257 facere
1861 2192 2213 2256 debeamus,
2285 2189 2475 2255 dicite
2522 2189 2699 2265 mihi,
2721 2194 2809 2260 46

438 2310 679 2372 quaeso,
726 2312 938 2358 omnes
985 2293 1278 2376 religiosi,
1328 2293 1630 2374 numquid
1679 2300 1772 2357 est
1819 2295 1984 2357 1111118
2031 2294 2374 2369 hominum,
2423 2295 2531 2375 qui
2576 2310 2699 2357 non

439 2396 648 2459 omnia
716 2415 870 2478 quae
938 2396 1091 2461 facit
1146 2396 1250 2459 uel
1310 2396 1535 2461 salutis
1598 2413 1746 2461 suae
1794 2397 1895 2461 uel
1940 2400 2102 2461 certe
2149 2397 2444 2462 utilitatis
2492 2396 2699 2482 gratia

363 2498 680 2564 zofaciat?
746 2517 947 2579 nemo,
1017 2501 1260 2584 opinor3
1330 2518 1539 2564 omnes
1602 2497 1769 2563 enim
1814 2502 1889 2564 ad
1935 2499 2229 2564 affectum
2277 2502 2461 2583 atque
2510 2519 2699 2583 appe-

440 2603 632 2668 titum
678 2603 974 2668 utilitatis
1018 2622 1163 2668 suae
1208 2607 1467 2669 naturae
1511 2602 1707 2684 ipsius
1736 2602 2095 2686 magisterio
2125 2605 2313 2685 atque
2345 2603 2698 2686 inpulsione

441 2705 769 2771 ducuntur.
848 2707 1105 2787 ideoque
1165 2709 1227 2770 et
1286 2707 1390 2787 qui
1451 2707 1733 2772 militant
1775 2705 1841 2769 id
1889 2705 2009 2770 sibi
2057 2707 2408 2789 pulchrum,
2480 2711 2543 2771 et
2591 2707 2699 2788 qui

442 2810 842 2890 negotiantur
885 2810 949 2874 id
995 2809 1118 2873 sibi
1148 2808 1325 2887 utile,
1373 2811 1435 2873 et
1468 2810 1573 2890 qui
1604 2809 2028 2892 agricolantur
2058 2808 2122 2873 id
2156 2809 2275 2875 sibi
2307 2809 2702 2875 fructuosum

443 2932 573 2978 esse
618 2914 993 2978 existimant.
1064 2915 1128 2978 et
1173 2913 1321 2996 quid
1366 2914 1595 2997 plura?
1657 2914 1823 2978 fures
1872 2930 2109 2995 quoque
2154 2913 2274 2996 ipsi
2321 2914 2383 2977 et
2428 2913 2700 2979 latrones

363 3035 425 3075 2⁵
443 3019 508 3080 et
552 3016 811 3080 uenefici
872 3021 935 3081 et
997 3015 1202 3081 sicarii
1249 3020 1311 3080 et
1367 3035 1545 3081 omne
1603 3016 1902 3098 inprobae
1960 3017 2448 3082 conuersationis
2501 3036 2696 3099 genus

441 3119 507 3183 id
554 3119 675 3183 sibi
732 3119 892 3201 quod
949 3121 1083 3204 agit
1130 3137 1470 3202 congruum
1516 3119 1715 3201 putat,
1774 3137 1896 3183 non
1941 3124 2102 3203 quod
2147 3121 2264 3185 ulli
2310 3138 2503 3205 praua
2547 3138 2696 3186 con-

442 3223 715 3305 ueniant,
762 3224 871 3288 sed
915 3225 1080 3305 quod
1125 3223 1254 3301 ille,
1303 3222 1410 3305 qui
1455 3223 1668 3304 prauis
1712 3224 1933 3302 utitur,
1981 3224 2095 3288 hoc
2139 3224 2258 3289 sibi
2292 3223 2504 3289 credat
2550 3243 2700 3290 con-

442 3341 667 3405 gruum
715 3344 846 3390 esse
893 3328 1053 3407 quod
1100 3344 1382 3407 prauum.
1446 3344 1589 3409 ergo
1620 3328 1681 3390 et
1727 3345 1837 3393 nos
1883 3346 2006 3392 non
2036 3327 2177 3406 alia,
2228 3329 2458 3409 opinor,
2510 3345 2701 3392 causa
2720 3330 2806 3396 4⁷

442 3427 762 3511 religionis
807 3428 1260 3511 philosophiam
1305 3430 1725 3512 adpetiuimus
1771 3449 1958 3512 quam
2011 3433 2169 3512 quod
2219 3430 2393 3495 nobis
2439 3430 2503 3493 id
2551 3448 2700 3494 con-

367 3535 694 3597 mueniens
762 3533 1050 3599 arbitrati
1119 3552 1364 3613 sumus,
1437 3533 1782 3617 cogitantes
1851 3532 2090 3599 scilicet
2148 3535 2211 3597 et
2264 3533 2694 3616 praesentium

648 3781 681 3833 3
717 3780 912 3837 Eccles.
949 3781 1002 3846 5,
1038 3781 1073 3834 4
1281 3782 1345 3834 12
1381 3780 1520 3835 Psal.
1560 3781 1642 3847 35,
1679 3781 1715 3834 4

552 4013 578 4065 1
618 4013 858 4081 religiosi
897 4029 963 4068 ex
1000 4013 1281 4081 religionis
1319 4030 1457 4068 corr.
1494 4031 1561 4068 m.
1599 4018 1636 4069 2
1674 4013 1730 4068 B
1933 4013 1967 4066 5
2003 4013 2249 4067 forsitam
2289 4014 2342 4066 A
2549 4013 2582 4066 6
2615 3995 2712 4065 in?

441 4098 770 4167 religiositas
805 4115 847 4153 8.
884 4116 919 4153 11
956 4115 1056 4155 scr.
1094 4117 1120 4153 r
1165 4100 1219 4153 B
1429 4102 1458 4154 7
1506 4101 1704 4169 autem]
1750 4099 1890 4154 enim
1939 4100 1995 4153 Β
2213 4100 2279 4152 16
2324 4098 2702 4169 professionem

434 4184 538 4238 ..sed
573 4202 626 4239 m
665 4203 733 4241 ex
760 4191 927 4255 pane
963 4202 1097 4241 eras.
1134 4187 1188 4239 A
1379 4186 1446 4241 23
1481 4187 1851 4255 agricolantur
1888 4203 1954 4242 eoe
1989 4186 2357 4255 agriculantur
2392 4201 2532 4242 corr.
2569 4202 2637 4239 m.
2663 4186 2706 4238 2

440 4271 499 4324 A
705 4272 772 4326 29
807 4272 1145 4341 philosoflam
1183 4272 1303 4340 (sic)
1341 4272 1451 4325 AB

2495 4375 2597 4429 17*
