3380 4919
2710 293 2853 350 XIII

691 482 920 560 Cuius
992 481 1287 580 quidem
1362 479 1700 580 opusculi
1753 492 1903 554 tres
1955 492 2260 573 tantum,
2337 481 2540 580 quod
2595 482 2849 575 sciam,

588 604 687 679 ad
738 612 1075 678 nostram
1128 610 1435 675 aetatem
1488 613 1988 701 peruenerunt
2041 601 2349 676 codices.
2404 602 2480 673 hi
2535 614 2743 678 sunt:

661 776 733 848 A
791 808 885 841 =
944 773 1174 848 codex
1223 772 1605 847 Parisinus
1659 799 1735 848 n.
1780 775 1975 846 2172
2034 797 2224 848 saec.
2263 774 2358 867 X,
2416 774 2629 848 cuius
2681 799 2853 849 con·

788 893 1066 968 latione
1147 892 1363 992 (mitti
1437 891 1633 965 enim
1690 917 1779 964 ex
1838 891 2284 967 bibliotheca
2338 893 2508 983 alio,
2536 894 2649 968 fas
2700 919 2855 968 non

795 1018 953 1109 est),
1009 1013 1141 1088 ubi
1195 1011 2030 1088 commentatiunculam
2098 1012 2578 1111 praefationis
2630 1011 2854 1087 huius

790 1133 996 1208 initio
1049 1143 1533 1207 memoratam
1605 1131 2029 1230 conscripsi,
2105 1130 2498 1221 destitutus
2568 1133 2853 1231 acquie-

791 1278 995 1328 scere
1048 1251 1366 1351 cogebar
1415 1252 1506 1326 iis
1579 1277 1765 1350 quae
1835 1252 2266 1327 Halmius
2337 1252 2416 1326 in
2489 1265 2851 1353 apparatu

792 1374 1041 1448 critico
1097 1398 1232 1448 suo
1288 1372 1639 1447 enotauit.
1720 1384 1979 1472 postea
2041 1398 2219 1448 uero
2275 1384 2580 1471 rogante
2633 1374 2851 1447 Har-

789 1493 1032 1567 telio
1090 1493 1409 1567 eundem
1456 1493 1545 1567 F.
1589 1492 2219 1568 Weihrichius
2254 1492 2851 1568 Vindobonensis

790 1611 1292 1686 liberalissime
1343 1611 1900 1710 diligentissime
1936 1612 2483 1711 religiosissime
2516 1612 2589 1685 in
2632 1638 2853 1687 usum

788 1758 1041 1806 meum
1094 1733 1444 1807 tractauit
1495 1732 2064 1830 retractauitque
2113 1745 2187 1807 et
2237 1743 2621 1830 tamquam
2680 1759 2852 1807 cum

789 1851 1210 1952 puluisculo
1301 1852 1656 1928 exhausit.
1769 1853 1890 1927 cui
1967 1853 2129 1926 uiro
2189 1851 2647 1939 ‚doctissimo
2727 1853 2853 1928 hic

791 1973 1066 2070 gratias
1121 1999 1305 2070 quas
1359 1999 1665 2071 possum
1717 1973 2076 2047 maximas
2130 1967 2351 2072 agere
2402 1964 2640 2048 liceat.

686 2161 774 2234 In
831 2188 976 2259 quo
1016 2161 1266 2236 codice
1303 2187 1474 2235 cum
1511 2162 1999 2239 correctiones
2036 2162 2416 2261 pauciores
2454 2162 2621 2256 sint,
2661 2188 2849 2261 quas

587 2279 916 2355 eiusdem
977 2281 1261 2356 librarii
1326 2308 1559 2355 manu
1627 2283 1818 2356 inter
1871 2282 2344 2357 scribendum
2398 2283 2634 2357 factas
2690 2307 2847 2356 esse

583 2400 837 2500 liquet,
909 2400 1294 2501 permultis
1359 2400 1540 2477 locis
1604 2427 1873 2477 manus
1927 2401 2387 2479 emendatrix
2438 2401 2851 2477 admodum

584 2547 863 2617 recens,
921 2547 1147 2620 quam
1201 2522 1493 2620 signaui
1543 2549 1637 2597 m.
1695 2526 1765 2617 2,
1840 2524 2033 2597 iusto
2100 2523 2440 2598 licentius
2514 2534 2847 2621 grassata

587 2652 714 2715 est.
819 2641 1280 2742 paucissimis
1358 2643 1543 2717 locis
1619 2670 1881 2718 manus
1959 2644 2179 2719 tertia
2258 2642 2683 2737 admodum,
2765 2655 2850 2717 ut

586 2771 781 2835 certe
863 2762 1177 2856 uidetur,
1267 2763 1576 2861 antiqua
1655 2764 1997 2857 occurrit,
2080 2790 2308 2862 quam
2387 2774 2637 2837 tamen
2711 2789 2846 2862 pro

585 2881 1050 2981 singulorum
1080 2975 1081 2978 Ἴ
1116 2882 1400 2957 ratione
1468 2884 1966 2958 necessarium
2039 2884 2343 2962 omnino
2398 2909 2551 2957 non
2603 2882 2849 2957 uisum

587 3012 698 3074 est
750 3002 1109 3077 adnotare
1159 3003 1436 3077 nedum
1490 3014 1669 3077 nota
1723 3003 2076 3102 singulari
2129 3003 2561 3102 significare.

665 3157 737 3229 B
792 3191 886 3223 =
944 3158 1174 3233 codex
1225 3158 1605 3233 Parisinus
1657 3158 2061 3234 membran.
2119 3187 2192 3274 n.
2251 3161 2447 3233 2785
2505 3185 2695 3233 saec.
2735 3160 2846 3233 XI

791 3304 1008 3376 quem
1061 3291 1232 3377 post
1281 3278 1754 3352 Halmium
1810 3290 1881 3353 et
1931 3280 2086 3382 ipse
2140 3278 2435 3353 contuli.

696 3431 737 3504 b
794 3465 888 3498 =
929 3433 1161 3508 codex
1197 3432 1573 3508 Parisinus
1608 3433 2013 3508 membran.
2065 3461 2140 3511 n.
2182 3435 2379 3506 2173
2432 3458 2619 3534 saec.
2658 3434 2846 3508 XIII

790 3579 1014 3651 quem
1082 3565 1169 3627 ut
1239 3552 1571 3628 codicem
1631 3554 1704 3626 B
1772 3554 1922 3627 iam
1992 3535 2439 3654 Baluzius
2510 3551 2845 3627 adhibuit

788 3699 927 3747 nec
1012 3672 1254 3774 solum
1335 3672 1673 3747 adhibuit
1752 3673 1886 3748 sed
1964 3667 2216 3748 etiam>
2275 3667 2467 3774 iusto
2550 3674 2845 3774 saepius

789 3787 1103 3867 secutus
1141 3805 1270 3886 est,
1323 3793 1403 3866 id
1457 3794 1654 3891 quod
1710 3793 1891 3868 locis
1928 3805 2044 3867 sat
2075 3794 2330 3869 multis
2366 3792 2445 3867 in
2480 3807 2843 3894 apparatu

794 3912 1048 3986 critico
1103 3914 1439 3988 euincere
1489 3913 1857 4012 placebat.

688 4079 978 4171 Quibus
1047 4085 1395 4160 subsidiis
1466 4086 1781 4185 denique
1852 4087 2124 4162 addere
2194 4115 2348 4163 non
2418 4090 2547 4163 abs
2600 4115 2681 4163 re
2735 4089 2841 4163 ui-

583 4225 749 4274 sum
804 4213 914 4276 est
2798 4205 2810 4213 ⁸
