3380 4919
641 314 725 380 36
1366 336 1369 341 ·
1613 309 1916 364 Saluiani

642 504 710 565 et
755 501 1079 581 exemplis,
1127 500 1239 564 sed
1284 499 1416 582 ipso
1466 498 1717 564 nomine
1764 501 1950 581 atque
1996 497 2409 581 appellatione
2457 501 2671 567 iudicii
2717 505 2899 568 deum

645 603 839 668 etiam
906 603 1213 684 praesenti
1282 602 1525 668 saeculo
1598 601 1870 667 iudicare
1946 603 2193 667 diuinae
2260 622 2370 685 per
2437 622 2637 670 sacros
2705 607 2908 671 testes

642 708 890 771 litterae
937 705 1224 788 probent.
1296 709 1401 772 sed
1449 705 1713 770 forsitan
1756 709 1959 789 putes,
2009 707 2074 770 id
2104 707 2456 788 specialiter
2502 709 2714 773 sancto
2760 710 2891 773 uiro

644 829 681 875 a
728 810 835 875 deo
894 810 1297 892 praestitum,
1366 812 1436 872 ut
1484 809 1558 873 de
1605 808 1977 875 aduersariis
2041 809 2171 874 eius
2231 810 2512 893 protinus
2571 811 2891 876 iudicaret.

643 912 770 977 dies
816 932 916 977 me
962 912 1234 990 deficiet,
1299 910 1354 975 si
1400 913 1475 974 de
1520 912 1948 994 praesentibus
1994 912 2059 976 in
2103 913 2219 978 hoc
2279 917 2509 979 mundo
2569 914 2909 979 sententiis
2954 939 2979 978 5

642 1018 830 1096 atque
875 1014 1125 1080 iudiciis
1173 1014 1365 1081 uelim
1414 1016 1634 1082 dicere.
1700 1017 1811 1080 sed
1848 1018 2079 1099 tamen,
2127 1019 2198 1080 ut
2231 1016 2551 1082 euidenter
2582 1037 2895 1101 agnoscas,
2949 1028 2953 1033 '

644 1137 972 1184 censuram
1016 1136 1195 1183 suam
1243 1123 1304 1184 et
1350 1138 1606 1184 examen
1652 1137 1898 1184 sacrum
1943 1138 2065 1185 non
2111 1122 2246 1184 tam
2277 1121 2550 1203 personis
2580 1122 2899 1205 praestare

644 1241 833 1304 quam
878 1222 1113 1304 causi8‚
1163 1223 1311 1287 audi
1355 1224 1657 1304 quomodo
1704 1222 1887 1287 iudex
1936 1222 2117 1304 deus,
2166 1223 2272 1305 qui
2317 1242 2428 1305 pro
2472 1225 2679 1289 Dauid
2723 1242 2898 1288 seruo

646 1344 756 1389 suo
802 1327 1181 1391 sententiam
1228 1325 1484 1390 adsidue
1533 1325 1890 1391 euidentem
1934 1326 2138 1409 dedit,
2188 1328 2401 1391 contra
2449 1327 2648 1392 Dauid
2693 1326 2899 1409 ipsum

648 1429 891 1511 saepius
938 1429 1246 1495 iudicarit.
1319 1431 1382 1494 et
1436 1430 1688 1511 quidem
1746 1429 1862 1493 hoc
1908 1447 2033 1494 non
2079 1430 2145 1494 in
2191 1429 2535 1494 multorum
2579 1429 2899 1495 hominum
2927 1457 2977 1495 10

645 1532 895 1615 negotio
964 1536 1105 1613 aut,
1183 1532 1345 1615 quod
1412 1533 1672 1597 forsitan
1739 1533 2047 1614 potuisset
2113 1533 2296 1596 deum
2364 1533 2568 1615 magis
2635 1552 2908 1612 mouere,

645 1640 1040 1717 sanctorum,
1087 1636 1197 1700 sed
1242 1637 1308 1699 in
1354 1654 1535 1700 causa
1581 1637 1645 1699 et
1703 1636 1889 1700 unius
1945 1635 2213 1701 hominis
2259 1637 2324 1701 et
2381 1636 2632 1701 barbari
2689 1637 2752 1700 et
2797 1635 2904 1701 ubi

646 1739 893 1803 tantum
963 1739 1169 1803 uirum
1233 1757 1495 1821 persona
1558 1738 1810 1820 penitus
1879 1757 2005 1804 non
2061 1740 2467 1822 grauauerat,
2537 1737 2655 1803 nisi
2718 1755 2905 1802 causa

548 1855 625 1919 16
647 1842 998 1906 multasset.
1076 1840 1406 1905 interfecto
1452 1842 1602 1906 Uria
1648 1839 1967 1920 Chettaeo‚
2015 1842 2266 1906 homine
2315 1843 2522 1926 gentis
2567 1842 2795 1922 impiae
2842 1841 2904 1903 et

645 1943 917 2008 nationis
962 1944 1274 2017 inimicae,
1322 1944 1543 2008 statim
1587 1944 1658 2007 fit
1704 1945 1782 2008 ad
1813 1946 2016 2009 Dauid
2063 1962 2263 2008 sermo
2312 1944 2596 2008 diuinus:
2652 1944 2899 2010 Uriam
2925 1969 2974 2008 1⁵

648 2046 1114 2112 Chettaeum
1201 2047 1685 2129 percussisti
1774 2047 2044 2131 gladio
2120 2050 2192 2110 et
2269 2065 2584 2111 uxorem
2674 2046 2905 2111 illius

644 2151 1040 2233 accepisti
1100 2168 1416 2214 uxorem
1463 2151 1542 2214 et
1585 2149 2093 2215 interfecisti
2140 2169 2313 2214 eum
2372 2150 2639 2234 gladio
2685 2149 2902 2214 filio-

644 2272 811 2318 rum
856 2254 1208 2319 Ammon:
1269 2271 1495 2336 quam
1539 2254 1625 2318 ob
1672 2272 1834 2318 rem
1877 2272 2024 2319 non
2071 2254 2395 2318 recedet
2447 2252 2766 2337 gladius
2815 2254 2902 2318 de

646 2357 860 2421 domo
905 2360 1041 2420 tua
1084 2356 1449 2438 usquein
1494 2356 2082 2438 sempiternum.
2146 2357 2422 2438 itaque
2468 2357 2654 2422 haec
2701 2355 2906 2422 dicit

644 2462 1046 2526 dominus:
1118 2480 1287 2526 ecce
1345 2480 1496 2544 -ego
1562 2459 1971 2527 suscitabo
2040 2480 2271 2544 super
2327 2466 2401 2525 te
2469 2462 2760 2526 malum
2817 2462 2975 2525 deeo

646 2564 859 2630 domo
924 2569 1057 2629 tua
1104 2567 1175 2629 et
1244 2564 1528 2629 tollam
1592 2581 1872 2627 uxores
1941 2567 2121 2628 tuas
2167 2563 2247 2627 in
2310 2565 2559 2630 oculis
2618 2566 2779 2628 tuis
2828 2565 2905 2627 et

649 2668 841 2731 dabo
885 2668 1241 2749 proximo
1287 2671 1432 2730 tuo,
1510 2667 1598 2731 tu
1644 2667 1848 2730 enim
1897 2666 2177 2731 fecisti
2222 2667 2715 2731 abscondite:
2764 2682 2902 2746 ego

646 2788 832 2833 uero
919 2769 1203 2833 faciam
1291 2772 1615 2834 uerbum
1700 2768 1925 2832 istud
1998 2769 2075 2832 in
2148 2770 2574 2851 conspectu
2649 2768 2902 2832 omnis

547 2872 961 2946 17Israhel
1022 2873 1097 2937 et
1154 2872 1234 2935 in
1296 2875 1723 2954 conspectu
1784 2873 2000 2937 solis,
2076 2874 2226 2954 quid
2270 2872 2427 2937 dicis
2472 2875 2573 2949 tu,
2620 2871 2727 2953 qui
2771 2888 2895 2935 non

646 2978 850 3040 solum
893 2993 1016 3038 non
1062 2974 1322 3039 iudicari
1359 2994 1775 3058 quaecumque
1808 2978 2073 3059 agimuS‚
2108 2979 2215 3041 sed
2246 2993 2359 3040 nec
2387 2973 2611 3055 respici
2642 2975 2889 3038 omnino
2922 2994 2972 3037 25

645 3097 681 3143 a
726 3080 835 3143 deo
882 3077 1124 3144 credis?
1190 3079 1447 3142 uidesne
1492 3079 1683 3143 etiam
1732 3098 1769 3144 a
1813 3081 2048 3144 secreto
2093 3079 2228 3157 illo,
2290 3096 2407 3159 quo
2454 3077 2657 3142 Dauid
2702 3078 2900 3142 semel

645 3182 852 3264 lapsus
915 3181 1037 3257 est,
1100 3200 1493 3265 nequaquam
1540 3185 1639 3248 dei
1684 3184 1895 3248 oculos
1942 3183 2223 3248 afuisse?
2289 3182 2451 3246 unde
2498 3184 2560 3245 et
2606 3184 2712 3265 tu,
2773 3180 2898 3265 qui,

645 3287 727 3351 ad
782 3286 1080 3350 solacium
1148 3286 1416 3351 arbitror
1483 3290 1875 3369 peccatorum
1941 3288 2223 3362 tuorum,
2291 3284 2667 3351 considerari
2722 3288 2899 3349 actus

849 3474 912 3527 15
950 3473 1011 3527 11
1047 3472 1176 3542 Reg.
1217 3473 1298 3537 12,
1338 3472 1509 3526 9-12

754 3630 780 3681 1
817 3629 877 3680 in
914 3629 1028 3695 ipso
1066 3626 1162 3682 sed
1195 3627 1253 3680 in
1281 3631 1538 3695 punctat.
1576 3627 1629 3679 A
1815 3626 1849 3678 3
1884 3626 2060 3695 putes]
2098 3628 2248 3695 potes
2286 3627 2341 3680 Β
2532 3628 2567 3682 4
2602 3643 2633 3680 a
2668 3627 2762 3682 deo
2800 3643 2901 3681 om.

647 3714 704 3767 Β
738 3730 804 3767 m.
843 3718 874 3766 1
1081 3711 1149 3765 10
1184 3712 1439 3770 iudicarit
1473 3713 1528 3765 A
1565 3718 1617 3765 et
1652 3728 1721 3765 ex
1756 3711 2049 3765 uindicarit
2084 3728 2223 3766 corr.
2260 3714 2315 3766 Β
2350 3730 2420 3768 m.
2460 3715 2501 3767 2
2707 3717 2762 3768 in
2800 3730 2902 3767 om.

649 3799 704 3852 Β
914 3798 977 3851 13
1015 3798 1231 3866 penitus
1268 3798 1663 3866 adgrauauerat
1698 3799 1753 3851 Β
1967 3797 2032 3850 14
2078 3799 2164 3851 uri
2200 3798 2409 3853 cettheo
2451 3801 2531 3864 A3
2585 3800 2731 3857 ‘fort.
2768 3799 2901 3852 Uria

649 3884 904 3938 Chettaeo
942 3884 1231 3937 secundum
1257 3886 1466 3938 textum
1491 3900 1738 3952 graecum
1776 3883 1906 3956 Οὐρ.
1946 3882 1975 3935 ὁ
2002 3885 2289 3945 Xenocles-²
2325 3891 2469 3940 recte
2492 3888 2770 3950 HalmiuS,
2806 3888 2904 3955 qui

647 3972 710 4025 in
747 3970 809 4023 Β
845 3970 1119 4023 inuenisse
1164 3969 1387 4025 uidetur
1427 3976 1698 4038 receptam
1734 3988 1768 4023 a
1800 3986 1859 4023 se
1894 3972 2225 4040 scripturam
2258 3972 2457 4037 Ethe03
2510 3974 2573 4027 in
2611 3974 2902 4041 archetypo

646 4056 815 4123 fuisse
844 4056 1090 4123 putarim
1124 4058 1294 4109 cetteo
1332 4058 1412 4110 lit.
1449 4057 1486 4109 h
1521 4072 1562 4109 3.
1601 4071 1706 4111 scr.
1721 4095 1735 4122 ,
1787 4071 1926 4123 quae
1962 4074 1998 4110 a
2034 4058 2259 4113 librario
2306 4059 2421 4114 loco
2469 4076 2586 4113 nore,
2632 4065 2775 4113 recto
2808 4059 2898 4111 in-

647 4142 926 4198 serebatur
1132 4143 1196 4195 16
1243 4142 1445 4196 c&theo
1491 4158 1665 4210 supra
1700 4159 1729 4195 o
1776 4142 1855 4197 lit.
1891 4148 1926 4195 ’ἤ
1960 4159 2063 4197 scr.
2113 4145 2168 4199 A
2373 4145 2440 4200 25
2487 4162 2519 4199 a
2554 4146 2648 4200 deo
2685 4144 2898 4198 omnino

649 4231 706 4284 Β
912 4228 979 4281 27
1017 4228 1230 4282 affuisse
1264 4228 1319 4282 Β
1527 4230 1593 4283 28
1628 4228 1957 4284 considerare
1989 4230 2049 4283 A

298 4507 721 4688 [Ὗ
