3380 4919
673 287 714 350 2
1048 299 1052 303 ’
1139 281 1451 336 Saluiani
1486 281 1562 336 de
1597 281 1871 350 gubern.
1910 281 2032 335 dei.
2078 280 2452 335 PraefatiO.

677 475 855 538 modo
902 492 972 539 ea
1018 491 1439 553 quaecumque
1485 471 1761 537 dicerent
1825 471 1933 535 aut
1978 475 2223 554 compto
2271 475 2331 536 et
2377 471 2605 535 blando
2652 471 2921 534 carmine

614 578 656 642 2
676 578 970 641 canerent
1036 579 1144 639 aut
1212 574 1532 639 luculenta
1599 576 1870 639 oratione
1939 577 2279 639 narrarent.
2358 593 2567 639 omnes
2630 573 2796 636 enim
2857 576 2921 637 in

672 679 919 761 scriptis
987 679 1115 742 suis
1186 695 1398 743 causas
1464 679 1710 741 tantum
1784 678 2043 761 egerunt
2098 696 2242 742 suas
2288 681 2349 742 et
2393 676 2658 759 propriis
2717 677 2918 759 magis

670 781 956 846 laudibus
1015 800 1204 863 quam
1264 781 1526 846 aliorum
1572 780 1962 845 utilitatibus
2008 780 2394 845 consulentes
2440 799 2563 844 non
2608 780 2671 844 id
2718 779 2918 844 facere

671 886 869 950 adnisi
938 888 1117 963 sunt,
1187 884 1259 948 ut
1322 883 1599 948 salubres
1655 900 1730 946 ac
1794 883 2106 948 salutiferi
2173 884 2279 948 sed
2325 886 2397 947 ut
2441 882 2802 948 scholastici
2846 901 2919 948 ac
2963 904 2988 944 5

670 988 887 1054 diserti
959 987 1356 1052 haberentur.
1424 987 1637 1079 itaque
1706 986 1940 1070 scripta
2004 1006 2213 1052 eorum
2274 990 2380 1051 aut
2441 987 2722 1051 uanitate
2768 986 2916 1050 sunt

668 1091 909 1156 tumida
967 1093 1077 1154 aut
1138 1090 1414 1156 falsitate
1477 1089 1737 1155 infamia
1797 1093 1907 1154 aut
1951 1090 2283 1157 uerborum
2328 1089 2739 1155 foeditatibus
2784 1109 2916 1155 sor-

670 1196 813 1259 dida
857 1194 966 1258 aut
1010 1213 1217 1258 rerum
1263 1194 1647 1260 obscenitate
1693 1194 1943 1274 uitiosa,
2005 1195 2077 1259 ut
2120 1213 2284 1272 uere,
2346 1213 2486 1258 cum
2529 1193 2917 1277 ingeniorum

667 1297 916 1362 tantum
960 1299 1208 1363 laudem
1255 1298 1640 1381 aucupantes
1687 1301 1824 1364 tam
1867 1297 2141 1382 indignis
2185 1299 2370 1364 rebus
2417 1317 2633 1363 curam
2663 1299 2916 1381 impen-

665 1403 897 1476 derent,
946 1420 1070 1465 non
1116 1402 1248 1465 tam
1294 1400 1666 1466 inlustrasse
1711 1401 1869 1466 mihi
1914 1400 2053 1483 ipsa
2096 1402 2345 1484 ingenia
2377 1422 2562 1485 quam
2592 1401 2915 1467 damnasse
2933 1423 2984 1465 ιο

603 1510 644 1574 3
664 1504 1014 1570 uideantur.
1075 1523 1185 1568 nos
1223 1506 1450 1579 autem,
1501 1506 1606 1586 qui
1651 1523 1861 1568 rerum
1891 1504 2093 1589 magis
2140 1524 2330 1587 quam
2376 1507 2709 1574 uerborum
2740 1525 2912 1572 ama-

663 1607 825 1672 tores
871 1607 1056 1672 utilia
1100 1607 1311 1690 potius
1358 1625 1545 1688 quam
1591 1608 1955 1690 plausibilia
2012 1609 2319 1674 sectamur
2363 1628 2564 1691 neque
2610 1610 2676 1673 id
2722 1628 2910 1691 quae-

661 1711 876 1792 rimus,
925 1714 996 1775 ut
1042 1711 1104 1775 in
1135 1710 1314 1775 nobis
1344 1710 1558 1776 inania
1587 1712 1973 1779 saeculorum
2004 1717 2371 1779 ornamenta
2400 1716 2503 1779 sed
2533 1715 2605 1777 ut
2635 1712 2913 1777 salubria

662 1831 869 1877 rerum
936 1812 1359 1878 emolumenta
1424 1814 1793 1894 laudentur,
1863 1819 1925 1880 in
1990 1816 2457 1898 scriptiunculis
2511 1815 2742 1879 nostris
2788 1832 2910 1879 non

659 1914 964 1980 lenocinia
1023 1935 1158 1981 esse
1219 1917 1507 1983 uolumus
1568 1919 1674 1982 sed
1737 1919 2038 1995 remedia,
2108 1934 2263 2002 quae
2316 1919 2565 1984 scilicet
2608 1938 2730 1983 non
2776 1922 2911 1983 tam
2930 1941 2980 1983 15

664 2019 1002 2084 otiosorum
1048 2020 1300 2085 auribus
1345 2021 1630 2101 placeant
1663 2041 1851 2104 quam
1882 2025 2275 2105 aegrotorum
2306 2022 2617 2087 mentibus
2648 2021 2907 2103 prosint,

661 2140 957 2205 magnum
1004 2142 1074 2186 ex
1120 2126 1379 2205 utraque
1425 2142 1489 2187 re
1537 2108 1908 2189 caelestibus
1967 2126 2143 2192 donis
2187 2126 2464 2193 fructum
2510 2126 2908 2206 reportaturi.

596 2224 709 2296 4si
755 2226 924 2290 enim
982 2226 1133 2291 haec
1193 2227 1361 2290 salus
1422 2227 1637 2292 nostra
1697 2230 2010 2295 sanauerit
2072 2230 2453 2312 quorundam
2512 2248 2636 2295 non
2682 2230 2909 2295 bonam

659 2328 733 2392 de
779 2331 888 2394 deo
935 2333 1148 2394 nostro
1195 2331 1568 2413 opinionem,
1618 2331 1860 2397 fructus
1893 2351 2017 2399 non
2047 2352 2277 2415 paruus
2309 2333 2448 2414 erit,
2496 2336 2658 2416 quod
2687 2334 2905 2399 multis

653 2433 873 2515 profui.
929 2433 1023 2498 sin
1055 2434 1263 2500 autem
1300 2434 1365 2499 id
1397 2453 1520 2500 non
1550 2435 1926 2518 prouenerit‚
1976 2441 2040 2503 et
2069 2437 2185 2504 hoc
2215 2438 2420 2522 ipsum
2451 2437 2904 2502 infructuosum
2923 2455 2976 2496 20

655 2537 916 2602 forsitan
975 2556 1096 2602 non
1159 2540 1308 2618 erit,
1372 2542 1532 2621 quod
1593 2541 1885 2622 prodesse
1929 2541 2257 2624 temptaui.
2334 2560 2505 2606 mens
2552 2540 2717 2604 enim
2760 2540 2903 2604 boni

653 2639 847 2704 studii
893 2658 964 2704 ac
1001 2640 1088 2722 pii
1134 2641 1288 2720 uoti,
1337 2640 1581 2706 etiamsi
1615 2643 1906 2707 effectum
1939 2661 2060 2708 non
2090 2644 2399 2708 inuenerit
2431 2645 2635 2724 coepti
2682 2643 2899 2725 opem,

652 2741 837 2806 habet
884 2744 1092 2806 tamen
1139 2744 1486 2825 praemium
1531 2735 1896 2809 uoluntatis,
1972 2745 2120 2810 hinc
2165 2764 2308 2828 ergo
2354 2745 2575 2811 ordiar.

2777 2920 2786 2948 l

755 2978 780 3032 1
822 2980 877 3031 et
901 2979 1199 3034 Pithoeus:
1237 2983 1334 3033 aut
1370 2981 1424 3033 Β
1607 2983 1641 3035 5
1676 2982 1905 3035 salubris
1942 2983 1996 3035 Β
2156 2983 2243 3047 ’,10
2266 2982 2400 3036 mihi
2424 2985 2478 3037 Β
2503 3000 2544 3039 s,
2570 2984 2608 3039 l.
2631 3000 2701 3041 m.
2726 2988 2765 3039 2

647 3063 862 3131 ingenio
908 3065 963 3117 Β
1010 3082 1052 3120 s.
1090 3082 1192 3120 scr.
1230 3083 1261 3119 a
1298 3083 1364 3122 m.
1402 3071 1433 3120 1
1641 3068 1708 3120 14
1754 3068 2045 3121 laudantur
2092 3070 2147 3122 Β
2188 3085 2229 3123 s.
2269 3087 2300 3123 a
2336 3070 2547 3140 mediae
2582 3071 2698 3141 syll.
2735 3086 2835 3125 scr.
2873 3087 2900 3124 e

646 3165 713 3202 m.
752 3152 792 3203 2
999 3152 1065 3205 18
1112 3152 1201 3205 hic
1247 3154 1302 3206 Β
1509 3153 1579 3207 20
1627 3155 1728 3223 sin]
1777 3143 1903 3209 hinc
1936 3155 2134 3224 incipit
2167 3156 2240 3221 A,
2275 3157 2370 3210 scd
2406 3157 2515 3212 duo
2542 3158 2730 3226 prima
2763 3159 2901 3224 folia

646 3237 901 3291 mutilata
936 3244 1069 3293 sunt
1103 3239 1383 3308 multaque
1416 3241 1644 3309 insuper
1678 3241 1744 3294 in
1781 3242 1979 3297 eisdem
2017 3248 2068 3297 ct
2102 3244 2165 3297 in
2198 3243 2353 3309 foliis
2377 3248 2426 3297 4.
2456 3247 2506 3298 5.
2530 3248 2579 3299 6.
2614 3250 2665 3299 8.
2700 3250 2735 3298 9
2770 3246 2898 3300 aliis

643 3328 745 3377 aut
780 3330 1135 3379 euanucrunt
1169 3331 1269 3380 aut
1303 3325 1406 3395 lcqi
1440 3342 1556 3381 non
1590 3328 1703 3381 iam
1729 3334 1989 3396 possunt;
2026 3345 2166 3398 quae
2200 3331 2388 3384 omnia
2422 3331 2694 3385 asteriscis
2716 3332 2895 3402 siyna-

642 3410 826 3464 uimus
1028 3412 1096 3465 21
1135 3411 1363 3465 forsitan
1402 3412 1688 3467 Halmius:
1744 3414 1935 3467 sortita
1969 3416 2022 3468 A
2076 3417 2265 3469 saltem
2301 3417 2355 3469 Β
2564 3417 2895 3485 ριόᾱωιιῑηθυε

642 3498 698 3549 A
906 3498 972 3552 22
1010 3501 1237 3568 operisve
1270 3498 1566 3568 praemium
1601 3500 1656 3553 A
1863 3501 1931 3554 23
1966 3501 2203 3555 exordiar
2238 3503 2321 3571 B;
2369 3508 2498 3571 post
2534 3504 2711 3557 ordiar
2746 3505 2808 3559 in
2843 3506 2898 3558 A

639 3582 773 3637 haec
808 3589 887 3637 cst
920 3585 1240 3654 inscriptio.-
1286 3600 1358 3639 nn
1392 3600 1552 3639 msro
1591 3601 1689 3639 nm
1725 3602 1851 3640 Pirae*
1875 3587 2010 3653 (fuit
2032 3589 2319 3657 praesenti)
2354 3588 2568 3643 iudicio.
2619 3590 2895 3659 Incipiunt

642 3666 846 3736 dialogi
871 3668 1219 3738 disputantis,
1258 3688 1399 3741 quac
1422 3673 1542 3727 sinc
1567 3672 1731 3727 dubio
1756 3672 1831 3727 ad
1855 3673 2052 3727 librum
2078 3676 2124 3727 Ι.
2154 3680 2407 3744 spectans
2424 3678 2641 3744 pariter
2665 3678 2894 3733 librario

643 3751 868 3810 debetur
902 3772 966 3810 ac
1001 3757 1091 3811 lib.
1131 3758 1212 3812 II
1243 3764 1274 3812 1
1311 3760 1408 3825 fin.
1447 3761 1625 3815 altera
1659 3760 1976 3827 inscriptio:
2029 3776 2101 3814 m:
2137 3777 2574 3819 GUBERNATIONE
2609 3780 2706 3819 nm
