3380 4919
1103 317 1179 372 (ιο
1213 317 1485 388 gubern.
1518 317 1624 372 ω
1659 317 1709 371 v
1743 321 1775 383 ς
1808 317 2029 372 46-66
2211 288 2214 291 ’
2564 320 2714 386 119'

443 524 586 571 uere
650 523 772 571 non
818 506 1020 572 uitam
1092 510 1155 571 et
1211 524 1523 572 summam
1591 506 1795 571 diuini
1861 507 2068 572 cultus
2132 506 2426 572 habitum>
2486 510 2687 592 magis
2761 542 2766 549 ·

442 629 627 694 quam
694 610 903 673 actum
970 609 1396 677 existimantes
1414 658 1430 688 ,
1501 610 1748 675 uestem
1803 609 2238 674 tantummodo
2301 627 2526 675 exuere
2562 629 2686 675 non

440 717 731 779 mentem.
807 714 968 779 unde
1024 713 1124 779 illi
1165 731 1232 778 se
1274 713 1513 778 minore
1568 711 1812 777 inuidia
1867 712 2227 778 criminosos
2283 716 2533 798 putant,
2578 713 2789 796 qni53

439 834 579 882 cnm
623 815 1075 899 paenitentiam
1120 816 1299 900 quasi
1342 817 1545 900 egisse
1576 817 1885 891 dicantur,
1932 816 2098 882 sient
2141 834 2348 881 mores
2387 816 2684 899 pristinos

396 918 528 983 sita
571 919 761 984 etiam
808 918 1092 984 habitum
1138 936 1260 984 non
1301 919 1716 1002 relinquunt?
1785 937 1928 984 nam
1974 919 2192 984 taliter
2235 919 2431 987 ferme
2476 919 2687 984 omnia

440 1026 653 1104 agunt,
721 1025 813 1088 ut=
838 1040 941 1088 eos
984 1041 1107 1088 non
1150 1025 1285 1088 tam
1347 1023 1531 1104 putes
1598 1023 1786 1088 antea
1828 1022 2284 1104 paenitentiam
2350 1024 2683 1088 criminum

439 1128 636 1211 egisse
702 1145 888 1208 qnam
951 1128 1171 1208 postea
1234 1126 1430 1209 ipsius
1496 1127 1917 1210 paenitentiae
1975 1125 2315 1208 paenitere,
2384 1144 2495 1191 nec
2551 1129 2685 1191 tan

438 1228 612 1310 prius
677 1228 1062 1311 paenituisse
1116 1230 1281 1311 quod
1336 1228 1504 1294 male
1546 1228 1820 1297 uixerint
1874 1246 2066 1311 quam
2109 1230 2342 1311 postea,
2411 1229 2574 1311 qued
2618 1247 2684 1293 se

436 1331 834 1413 promiserint
900 1332 1055 1396 bene
1122 1349 1255 1397 esse
1324 1332 1615 1400 uicturos.
1693 1332 1902 1396 sciunt
1958 1348 2062 1395 me
2117 1349 2338 1396 uerum
2403 1331 2573 1414 loqui
2619 1336 2685 1396 et

376 1435 866 1500 1⁰testimoninm
933 1434 1089 1498 mihi
1155 1433 1348 1499 etiam
1415 1433 1796 1500 conscientia
1838 1452 1952 1500 sua
2009 1434 2244 1510 dicunt,
2312 1452 2453 1498 cum
2497 1435 2686 1501 multi

436 1535 543 1602 alii
600 1538 738 1603 tum
795 1538 1126 1620 praecipue
1184 1538 1281 1602 illi
1327 1534 1628 1602 nouorum
1674 1538 1973 1602 benorum
2020 1536 2298 1619 religiosi
2343 1535 2686 1601 ambitores

437 1645 499 1706 et
541 1644 684 1723 post
749 1642 1075 1723 acceptum
1138 1643 1558 1724 paenitentiae
1624 1659 1854 1707 nemen
1917 1641 2344 1722 amplissimae
2390 1659 2465 1705 ac
2508 1640 2683 1722 prius

437 1761 559 1807 non
601 1743 858 1809 habitae
901 1743 1236 1826 potestatis
1281 1747 1609 1827 emptores.
1678 1743 1830 1808 adeo
1875 1759 1998 1809 non
2041 1741 2392 1808 saeculares
2435 1746 2682 1808 tantum
2703 1748 2792 1815 54

438 1847 544 1911 sed
589 1847 734 1927 plns
794 1846 985 1911 etiam
1038 1864 1225 1928 quam
1283 1847 1633 1911 saeculares
1680 1864 1812 1912 esse
1855 1846 2209 1924 uoluerunt,
2262 1846 2337 1911 ut
2381 1864 2505 1912 non
2550 1846 2684 1911 suf-

379 1966 425 2008 16
437 1947 650 2014 ficeret
692 1949 786 2013 eis
832 1949 996 2031 quod
1040 1952 1186 2015 ante
1231 1950 1497 2026 fuerant,
1565 1949 1688 2015 nisi
1746 1950 1887 2033 plus
1947 1952 2160 2015 essent
2222 1951 2438 2033 postea
2499 1967 2686 2032 quam

440 2051 722 2117 fuissent.
799 2054 1103 2133 quomodo
1169 2051 1367 2133 igitur
1432 2052 1601 2116 tales
1662 2052 1772 2117 isti
1836 2053 2290 2134 paenitentiam
2353 2073 2419 2119 se
2487 2053 2687 2132 egisse

438 2172 559 2219 non
601 2154 936 2237 paenitent‚
994 2155 1157 2219 sicut
1213 2154 1410 2220 etiam
1460 2154 1561 2220 illi
1606 2155 1684 2219 de
1730 2155 2124 2223 conuersione
2167 2174 2239 2220 ac
2283 2157 2397 2221 deo
2445 2156 2682 2239 aliquid

439 2258 758 2338 cogitasse,
805 2258 910 2338 qui
958 2274 996 2321 a
1041 2255 1411 2340 coniugibus
1455 2257 1725 2339 propriis
1769 2256 2151 2323 abstinentes
2195 2277 2235 2323 a
2276 2277 2484 2323 rerum
2529 2260 2686 2327 alie-

437 2376 655 2424 narum
698 2358 1081 2441 ,peruasione
1140 2377 1264 2427 non
1322 2358 1664 2439 abstinent,
1733 2363 1796 2425 et
1842 2378 1987 2425 cum
2030 2358 2441 2442 profiteantur
2486 2363 2684 2429 conti·

376 2463 720 2529 senentiam
800 2480 1121 2545 corporum
1147 2510 1163 2540 ,
1232 2463 1684 2528 incontinentia
1759 2463 2220 2534 debacchantur
2291 2466 2636 2534 animorum
2653 2469 2685 2531 ?

437 2581 668 2630 nouum
728 2583 981 2646 prorsus
1045 2564 1464 2632 conuersionis
1509 2583 1731 2648 genus.
1804 2566 1978 2638 licita
2019 2582 2146 2634 non
2190 2565 2434 2636 faciunt
2475 2571 2544 2638 et
2584 2568 2682 2633 in·
2703 2572 2791 2642 55

437 2668 611 2735 licita
664 2672 1107 2737 committunt:
1172 2671 1526 2753 temperant
1582 2688 1621 2736 a
1675 2671 2014 2740 concubitu
2059 2673 2123 2735 et
2165 2687 2288 2735 non
2333 2672 2687 2753 temperant

440 2788 477 2834 a
517 2774 757 2855 rapina.
818 2773 970 2857 quid
1014 2774 1172 2857 agis,
1218 2773 1420 2842 stulta
1461 2773 1828 2856 persuasio?
1886 2776 2142 2856 peccata
2173 2772 2495 2844 interdixit
2535 2776 2683 2842 deus

437 2891 555 2939 nen
599 2875 1023 2942 matrimonia.
1098 2895 1223 2944 non
1266 2879 1649 2944 conueniunt
1692 2877 1919 2944 uestris
1964 2876 2186 2944 studiis
2230 2877 2399 2946 facta
2443 2882 2682 2947 uestra:

374 2995 422 3039 ’a
439 2993 562 3041 non
607 2980 847 3045 debetis
892 2997 1026 3045 esse
1072 2978 1259 3046 amici
1305 2980 1662 3060 criminum,
1710 2981 1814 3062 qui
1860 2980 2068 3048 dicitis
2113 2997 2230 3047 uos
2267 2981 2693 3052 adfectatores

436 3097 564 3145 esse
633 3080 964 3148 uirtutum.
1038 3086 1508 3165 praeposterum
1574 3087 1672 3148 est
1737 3083 1900 3166 quod
1967 3084 2189 3167 agitis:
2255 3101 2382 3149 non
2427 3088 2521 3151 est
2566 3086 2685 3154 hoc
2765 3123 2770 3128 ·

438 3185 755 3249 conuersio
784 3185 891 3249 sed
923 3184 1183 3251 auersio.
1230 3186 1339 3268 qui
1368 3185 1498 3250 iam
1526 3187 1788 3268 pridem,
1835 3194 1905 3251 ut
1949 3187 2119 3252 fama
2149 3188 2262 3262 est,
2311 3205 2462 3271 opus
2491 3189 2684 3254 etiam

435 3283 679 3351 honesti
747 3288 1133 3354 matrimonii
1189 3289 1548 3372 reliquistis,
1616 3291 1872 3354 tandem
1931 3306 1969 3353 a
2017 3291 2244 3355 scelere
2287 3293 2541 3356 cessate.
2619 3295 2684 3355 et

436 3388 685 3469 quidem
731 3389 969 3455 iustum
1013 3395 1105 3455 est
1150 3396 1221 3456 ut
1258 3390 1338 3457 ab
1382 3392 1551 3456 omni
1601 3391 1850 3475 scelere,
1898 3393 2009 3457 sed
2051 3381 2292 3474 tamen,
2333 3393 2390 3458 si
2435 3410 2559 3458 non
2604 3394 2682 3459 ab

374 3495 617 3569 noemi,
691 3493 838 3575 quia
900 3495 1015 3561 hoc
1079 3494 1339 3564 fortasse
1397 3496 1626 3586 durum
1670 3500 1736 3560 et
1779 3495 2160 3579 impossibile
2220 3515 2349 3562 esse
2406 3494 2679 3576 creditis,

533 3775 564 3830 1
622 3776 908 3844 summam]
964 3792 1117 3832 suma
1160 3791 1201 3831 s.
1249 3793 1283 3830 a
1325 3792 1434 3834 scr.
1468 3794 1537 3832 m.
1573 3793 1681 3832 rec.
1716 3782 1753 3832 n
1788 3783 1843 3844 et
1886 3784 2183 3848 praeterea
2215 3795 2283 3834 m.
2322 3784 2363 3834 2
2414 3783 2488 3833 ‚nt
2540 3780 2692 3849 quod.

429 3863 599 3929 fuisse
645 3867 873 3922 uidetur
916 3872 982 3924 nt
1197 3870 1233 3925 4
1284 3870 1617 3939 poenitencia
1670 3871 1726 3926 Β
1778 3872 2153 3942 (penitentiam
2198 3874 2253 3932 A
2299 3875 2393 3943 qui
2435 3875 2502 3930 in
2544 3890 2687 3944 seqq.

429 3958 583 4016 mode
634 3976 787 4029 paen.
835 3961 997 4017 modo
1046 3978 1166 4032 pen.
1221 3966 1376 4020 modo
1426 3980 1544 4034 pen.
1593 3966 1823 4034 exhibet)
2068 3967 2137 4021 10
2181 3983 2303 4022 cum
2347 3968 2403 4022 Β
2436 3984 2478 4023 s.
2513 3969 2550 4023 1.

431 4050 492 4106 11
547 4052 806 4112 bonorum
856 4057 914 4112 Β
1122 4059 1188 4112 13
1238 4059 1524 4127 potestatis
1568 4076 1639 4115 ex
1687 4063 1797 4115 -tes
1838 4063 1893 4115 Α
1942 4077 2084 4118 corr.
2129 4079 2199 4117 m.
2234 4065 2277 4118 2
2480 4064 2556 4124 20
2602 4063 2686 4119 de-

430 4144 824 4205 bacchabantur
867 4152 968 4206 sub
1012 4153 1082 4207 ab
1127 4153 1233 4207 litt.
1268 4153 1474 4209 lineola
1507 4153 1678 4210 ducta
1722 4155 1779 4208 A
1984 4157 2052 4211 25
2100 4155 2444 4213 affectatores
2491 4158 2548 4212 Β

432 4238 498 4294 26
533 4241 634 4297 hoc
667 4258 768 4298 om.
803 4245 861 4300 Β
1055 4246 1122 4300 27
1157 4248 1271 4318 qui]
1310 4248 1437 4316 qnia
1471 4248 1527 4303 Β
1720 4248 1790 4303 28
1823 4265 1859 4303 a
1893 4253 1949 4304 A
1981 4266 2024 4305 s.
2058 4251 2092 4305 1ae
2129 4267 2202 4309 m.
2235 4253 2301 4307 2:
2355 4268 2454 4308 om.
2491 4252 2547 4305 Β
