3380 4919
1332 1017 1762 1115 LIBER
1846 1018 1996 1115 III.

622 1297 676 1361 Ι.
735 1296 992 1361 Duobus
1038 1293 1458 1377 superioribus
1518 1295 1699 1361 libris
1746 1313 1890 1360 cum
1934 1294 2177 1361 duabus
2223 1293 2496 1361 filiorum
2540 1300 2794 1363 tuorum
2815 1306 2847 1371 1

536 1401 836 1482 partibuS‚
883 1398 950 1463 id
996 1401 1110 1474 est,
1155 1416 1280 1462 una
1323 1396 1543 1465 mundi
1587 1397 1885 1464 amatrice
1933 1399 2056 1465 alia
2100 1398 2414 1479 religionis
2458 1400 2794 1482 imaginem

538 1503 943 1585 praeferente,
990 1520 1024 1566 o
1069 1500 1323 1567 domina
1366 1500 1455 1565 mi
1501 1502 1760 1566 ecclesia
1804 1501 1924 1583 dei,
1983 1500 2163 1584 quasi
2208 1502 2550 1584 separatim
2594 1504 2795 1569 locuti

493 1624 770 1671 ssumuS.
845 1606 913 1671 in
970 1604 1087 1671 hoc
1145 1607 1379 1687 autem,
1441 1605 1497 1669 si
1558 1604 1708 1670 deus
1768 1605 2009 1683 adnuit,
2071 1607 2149 1673 ad
2202 1606 2550 1689 utramque,
2607 1608 2798 1688 prout

539 1726 725 1774 causa
790 1726 862 1775 ac
925 1707 1085 1771 ratio
1153 1708 1627 1791 postulauerint,
1696 1707 1869 1791 loqui
1936 1707 2239 1792 cupimus,
2309 1727 2475 1777 nunc
2540 1710 2795 1777 diuisim

538 1812 910 1877 alterutram
970 1830 1134 1877 nunc
1197 1814 1411 1877 ambas
1470 1812 1709 1892 pariter
1766 1812 2190 1894 adloquentes.
2267 1816 2552 1896 superest
2596 1817 2669 1880 ut
2713 1815 2793 1879 ab

535 1917 800 1997 utraque
846 1934 1059 1981 earum
1105 1917 1477 2000 agnoscente
1520 1917 1585 1982 in
1629 1917 1923 1983 lectionis
1970 1918 2129 1983 serie
2174 1918 2381 1999 partes
2418 1935 2564 1982 suas
2611 1918 2793 2000 quid-

536 2018 686 2100 quid
727 2035 839 2100 pro
881 2018 1107 2085 affectu
1155 2020 1269 2089 dei*
1296 2039 1334 2084 a
1377 2019 1555 2084 nobis
1603 2019 1838 2084 dicitur
1874 2038 2018 2087 cum
2048 2020 2274 2085 affectu
2304 2021 2402 2087 dei
2433 2021 2789 2103 recipiatur.

466 2145 517 2185 ιο
534 2122 734 2205 igitur
808 2121 955 2203 quia
1028 2121 1095 2186 in
1170 2121 1431 2200 cunctis,
1507 2140 1664 2203 quae
1742 2125 1867 2188 iam
1941 2122 2138 2187 locuti
2214 2141 2446 2195 sumus,
2523 2124 2854 2205 speciale2

536 2222 1029 2291 Christianorum
1096 2224 1377 2291 omnium
1442 2223 1679 2290 bonum
1752 2224 2243 2290 misericordiam
2306 2242 2377 2290 ac
2433 2225 2794 2308 largitatem

537 2344 671 2395 esse
730 2327 1237 2407 memorauimuS,
1303 2328 1755 2410 praecipuaque
1806 2328 1871 2394 in
1916 2329 2006 2395 eis
2052 2332 2116 2392 et
2163 2329 2391 2394 merita
2436 2334 2793 2397 sanctorum

537 2433 599 2497 et
644 2432 1037 2511 peccatorum
1090 2430 1367 2495 remedia
1426 2431 1729 2497 contineri
1785 2431 2040 2511 idoneis,
2109 2433 2182 2497 ut
2226 2449 2385 2509 reor,
2454 2449 2529 2497 ac
2572 2432 2794 2500 multis

536 2531 800 2600 testibus
851 2533 1351 2614 adprobauimuS,
1400 2551 1522 2599 non
1568 2533 1788 2614 opinor
1832 2553 1869 2598 a
1906 2552 2214 2615 quoquam
2245 2534 2426 2616 plura
2456 2536 2792 2617 expectari,

467 2659 519 2700 15
536 2636 803 2703 maxime
850 2656 1012 2714 cum,
1059 2635 1116 2699 si
1162 2637 1297 2719 quis
1344 2637 1602 2717 cupidus
1648 2641 1744 2702 est
1786 2637 2082 2719 plurium,
2142 2638 2308 2718 ipsos
2354 2636 2527 2703 adire
2571 2637 2791 2703 debeat

536 2741 724 2807 libros
784 2740 903 2823 dei,
965 2741 1071 2823 qui
1123 2741 1214 2804 ita
1258 2738 1477 2805 multis
1523 2757 1594 2804 ac
1635 2739 1882 2822 magnis
1926 2740 2195 2805 testibus
2259 2739 2427 2821 pleni
2492 2744 2662 2823 sunt,
2723 2744 2796 2807 ut

535 2845 970 2911 uniuersarum
1004 2842 1369 2908 caelestium
1400 2842 1758 2908 litterarum
1790 2860 1982 2924 paene
2004 2861 2200 2909 unum
2225 2843 2310 2908 sit
2343 2842 2791 2910 testimonium.

537 2949 816 3031 superest
872 2948 1204 3012 aduersum
1262 2964 1362 3011 eas
1422 2947 1897 3027 responsionum
1941 2947 2292 3012 infidelium
2337 2966 2574 3025 causas,
2636 2957 2854 3032 quae3

535 3068 572 3118 a
637 3049 1009 3132 quibusdam
1086 3047 1441 3113 mortiferae
1515 3049 1928 3114 excusationis
2001 3050 2210 3135 gratia
2292 3052 2516 3134 opponi
2592 3053 2797 3117 solent

466 3175 518 3216 20
537 3153 855 3235 quippiam
930 3152 1152 3220 dicere.
1249 3151 1505 3235 loquens
1580 3153 1858 3217 saluator
1930 3153 1998 3217 in
2073 3154 2395 3238 euangelio
2468 3157 2797 3238 propterea

537 3255 915 3322 commodari
980 3254 1332 3321 hominibus
1389 3271 1534 3336 opes
1594 3273 1632 3318 a
1676 3254 1924 3321 domino
1981 3274 2053 3323 ac
2107 3258 2436 3340 pecuniam
2498 3257 2674 3332 dicit,
2722 3263 2794 3324 ut

537 3377 679 3424 cum
737 3357 939 3424 usuris
997 3357 1453 3441 multiplicibus
1517 3359 1913 3424 commodata
1969 3360 2326 3438 reddantur,
2388 3360 2596 3425 dicens
2642 3377 2793 3426 aua-

534 3461 780 3528 rissimo
847 3461 1138 3528 debitori:
1207 3479 1437 3528 serue
1503 3462 1703 3527 male
1757 3480 1840 3528 ac
1902 3461 2160 3547 piger,
2231 3462 2539 3528 sciebas
2597 3465 2794 3545 quod

537 3582 673 3647 ego
741 3568 989 3646 meto,
1058 3565 1192 3629 ubi
1258 3583 1408 3630 non
1464 3563 1798 3646 semine,
1867 3565 1943 3628 et
1987 3581 2410 3650 congrego,
2458 3566 2596 3630 ubi
2642 3585 2793 3634 non

737 3733 806 3788 23
846 3734 1039 3790 Matth.
1076 3735 1160 3801 25,
1197 3736 1265 3790 26

635 3891 672 3945 4
705 3891 897 3945 eclesia
934 3891 988 3943 A
1194 3890 1228 3944 5
1273 3893 1475 3945 annuet
1510 3891 1919 3946 Rittershusius
1972 3891 2221 3946 annuerit
2259 3891 2343 3946 ed.
2382 3892 2656 3947 Baluzius

536 3977 598 4031 11
655 3976 915 4030 bonorum
970 3977 1025 4029 B
1235 3977 1299 4048 16
1351 3977 1534 4044 qui-:ta
1589 3993 1657 4031 cm
1711 3977 1808 4045 qui
1849 3977 1931 4031 ita
1978 3992 2115 4033 corr.
2153 3995 2220 4032 m.
2257 3982 2295 4032 2
2340 3979 2394 4031 A
2445 3979 2540 4048 qui
2586 3980 2666 4033 ita
2711 3979 2793 4034 B:

535 4063 630 4131 qui
663 4066 777 4116 tam
815 4080 938 4119 cum
974 4061 1096 4118 edd.
1132 4062 1416 4127 Halmius)
1628 4064 1694 4117 18
1747 4077 1985 4133 causasq3
2038 4065 2103 4117 in
2155 4065 2251 4130 fin.
2300 4064 2397 4118 lin.
2450 4080 2588 4119 eras.
2636 4082 2688 4133 q;
2743 4070 2795 4120 et

536 4148 694 4203 initio
727 4164 832 4217 seq.
868 4149 966 4202 lin.
1003 4147 1136 4202 add.
1170 4165 1236 4202 m.
1264 4151 1304 4201 2
1339 4163 1442 4218 que
1477 4149 1529 4201 A
1567 4150 1717 4218 (cryc
1755 4164 1889 4217 quae
1924 4166 2038 4203 ‘non
2073 4164 2188 4217 om,
2226 4155 2292 4205 ut
2327 4150 2586 4205 Halmius
2619 4149 2794 4218 adm),

537 4249 748 4289 causam
782 4251 916 4303 quae
951 4235 1007 4288 B
1211 4234 1280 4288 22
1315 4235 1628 4289 auarissimo
1665 4233 1753 4289 illi
1792 4250 1853 4289 ac
1888 4235 2213 4305 nequissimo
2239 4253 2285 4305 p
