3380 4919
668 299 794 366 170
1639 294 1951 349 Saluiani

562 487 646 554 47
664 487 847 553 modo
903 485 1256 552 diuinitatis
1312 504 1421 551 ora
1477 489 1797 551 reseraret.
1886 485 1990 550 hic
2045 503 2208 550 nunc
2267 485 2510 567 requiro
2529 533 2544 563 ‚
2613 484 2750 566 quis
2808 484 2925 550 hoc

665 610 964 675 umquam
1011 610 1049 656 a
1091 591 1320 655 nostris
1355 589 1643 672 partibus
1676 590 1914 665 fecerit,
1965 593 2074 653 aut
2105 590 2244 671 quis
2277 607 2397 653 non
2427 589 2659 652 inrisus
2691 587 2924 673 fuerat,

665 696 738 759 si⁵
776 698 1055 776 putasset
1112 713 1246 759 esse
1303 694 1657 759 faciendum
1670 697 1703 758 ἰ’
1788 693 2018 759 inrisus
2075 694 2290 776 utique
2304 742 2318 771 ‚
2376 694 2542 758 sicut
2600 710 2637 756 a
2693 691 2922 756 nostris

664 800 874 864 omnia
917 798 1111 863 ferme
1155 797 1453 881 religiosa
1510 798 1812 862 ridentur.
1905 798 1970 862 et
2011 799 2149 863 ideo
2192 795 2341 880 quid
2396 799 2682 877 prodesse
2739 794 2923 860 nobis

662 901 1099 985 praerogatiua
1143 901 1257 965 illa
1300 901 1576 984 religiosi
1624 900 1895 965 nominis
1940 904 2167 982 potest,
2223 900 2386 982 quod
2430 918 2540 963 nos
2587 899 2922 964 catholicos
2966 915 2993 956 ⁶

663 1023 796 1069 esse
842 1004 1109 1097 dicimus
1155 1006 1315 1086 quod
1360 1003 1574 1068 fideles
1621 1022 1756 1067 esse
1800 1003 2106 1069 iactamus
2153 1007 2313 1086 quod
2345 1001 2579 1068 Gothos
2623 1021 2696 1066 ac
2725 1003 2921 1068 Wan-

665 1109 840 1173 dalos
915 1106 1217 1172 haeretici
1273 1108 1540 1172 nominis
1599 1107 2068 1189 exprobratione
2125 1108 2499 1189 despicimus
2514 1157 2531 1188 ,
2599 1124 2744 1170 cum
2800 1105 2923 1186 ipsi

558 1211 644 1279 48
663 1210 974 1275 haeretica
1019 1210 1334 1293 prauitate
1395 1211 1685 1274 uiuamus
1702 1212 1733 1274 Ρ
1821 1209 2031 1292 itaque
2076 1211 2421 1281 rectissime
2466 1209 2646 1274 nobis
2693 1209 2923 1273 dicitur

661 1313 821 1378 illud
844 1363 861 1396 ‚
932 1317 1093 1397 quod
1139 1314 1387 1378 Iudaeis
1445 1315 1510 1377 in
1566 1313 1708 1397 lege
1764 1313 2102 1379 fidentibus
2163 1313 2320 1379 dixit
2377 1332 2579 1379 sermo
2635 1313 2886 1377 diuinus
2906 1333 2921 1375 :

663 1418 1042 1499 quomodo
1099 1417 1414 1496 dicitis,
1484 1419 1897 1499 sapientes
1962 1436 2233 1482 sumus
2301 1420 2376 1481 et
2441 1419 2562 1482 lex
2628 1414 2991 1482 dominiro

661 1522 808 1586 nob
829 1523 1073 1586 iseum
1133 1518 1298 1586 est?
1384 1522 1671 1605 nolite,
1735 1522 1976 1605 inquit,
2047 1521 2447 1586 confidere
2518 1520 2597 1584 in
2657 1518 2921 1584 uerbis

660 1626 1051 1692 mendacii
1099 1625 1495 1690 dicentes:
1544 1624 1925 1706 templum
1980 1623 2311 1701 domini,
2359 1625 2739 1706 templum
2785 1621 2917 1686 do-

662 1729 885 1809 mini,
929 1728 1312 1808 templum
1358 1727 1656 1792 domini
1705 1731 1848 1793 est.
1896 1746 1985 1810 qu
2005 1728 2258 1791 oniam
2290 1727 2583 1793 sibene
2613 1727 2919 1792 direxe-

660 1832 854 1896 ritis
933 1832 1105 1897 uias
1182 1832 1503 1897 uestras
1582 1835 1653 1894 et
1736 1832 2004 1897 studia
2072 1832 2375 1908 uestra,
2444 1831 2787 1897 aduenae
2846 1832 2919 1894 et

660 1934 964 2017 pupillo
1034 1935 1108 1998 et
1173 1935 1462 1998 uiduae
1540 1953 1682 1998 non
1753 1934 2122 2000 feceritis
2199 1935 2704 2012 calumniam,
2780 1950 2921 2001 neo
2940 1954 2989 1999 ιε

660 2037 1122 2120 sanguinem
1165 2037 1665 2102 innocentem
1712 2038 2183 2103 effuderitis
2228 2040 2311 2105 in
2356 2038 2531 2102 loco
2572 2037 2745 2113 hoc,
2794 2035 2919 2101 ha-

662 2140 703 2205 b
727 2141 949 2207 itabo
1013 2139 1427 2205 uobiscum
1492 2141 1572 2204 in
1633 2140 1809 2204 loco
1867 2143 2016 2206 isto
2074 2159 2110 2205 a
2167 2142 2485 2206 saeculo
2544 2159 2780 2223 usque
2841 2140 2922 2203 in

661 2263 692 2310 s
707 2263 744 2309 a
758 2263 790 2309 e
805 2264 837 2309 c
851 2244 982 2309 ulu
995 2263 1079 2308 m.
1141 2261 1260 2327 quo
1305 2244 1522 2326 utique
1566 2245 1918 2309 ostenditur
1962 2245 2126 2327 quod
2143 2295 2157 2322 ‚
2205 2245 2259 2310 si
2303 2247 2426 2310 ista
2468 2262 2590 2309 non
2634 2245 2919 2325 facimu8‚

662 2347 971 2430 superflue
1030 2348 1208 2414 nobis
1275 2349 1569 2414 catholici
1634 2349 1902 2413 nominis
1968 2349 2477 2430 praesumptione
2530 2347 2918 2431 plaudamus,

557 2447 641 2515 49
661 2451 771 2518 sed
803 2451 950 2517 hinc
979 2452 1108 2518 iam
1140 2452 1206 2517 et
1235 2451 1520 2533 superius
1552 2453 1707 2517 satis
1738 2451 1978 2517 dictum
2010 2453 2108 2517 est
2139 2456 2200 2517 et
2233 2452 2438 2518 adhuc
2467 2451 2626 2517 forte
2659 2450 2918 2530 dicetur,
2937 2473 2989 2516 zo

660 2574 776 2621 nec
821 2575 975 2637 opus
1022 2559 1120 2621 est
1165 2557 1237 2621 ut
1281 2558 1356 2622 de
1405 2555 1518 2624 hoc
1564 2556 1832 2639 amplius
1878 2557 2274 2634 disseramuS‚
2320 2555 2429 2620 ubi
2460 2556 2559 2620 dei
2589 2556 2733 2637 iuge
2762 2554 2919 2619 iudi·

660 2661 829 2726 oium
875 2660 987 2724 est.
1036 2660 1184 2741 quid
1230 2659 1401 2723 enim
1446 2660 1548 2724 uel
1593 2659 1667 2723 de
1714 2659 1895 2725 nobis
1942 2660 2046 2723 uel
2091 2660 2167 2724 de
2215 2659 2440 2726 Gothis
2487 2678 2559 2725 ac
2588 2657 2917 2725 wandalis

660 2764 813 2828 deus
859 2762 1093 2826 iudicet
1137 2781 1235 2825 res
1276 2762 1533 2843 probat:
1585 2761 1687 2825 illi
1734 2763 2024 2828 crescunt
2067 2763 2295 2828 cotidie
2339 2781 2450 2828 nos
2483 2762 2915 2840 decrescimu8‚

658 2866 757 2930 illi
799 2864 1132 2947 proficiunt
1174 2882 1283 2928 nos
1329 2865 1738 2931 humiliamur
1757 2914 1773 2941 ,
1835 2866 1934 2930 illi
1991 2866 2214 2931 florent
2276 2868 2340 2930 et
2396 2885 2506 2931 nos
2560 2866 2909 2934 arescimus,

660 2971 733 3032 ut
776 2986 923 3031 uere
968 2967 1034 3031 in
1078 2984 1189 3031 nos
1233 2967 1447 3031 ueniat
1491 2967 1732 3032 dictum
1788 2968 1950 3034 illud
1964 3019 1982 3051 ‚
2043 2971 2207 3052 quod
2264 2972 2340 3036 de
2386 2969 2537 3036 Saul
2593 2989 2664 3034 ac
2711 2968 2916 3036 Dauid
2934 2992 2986 3034 π

659 3072 751 3136 ait
781 3088 981 3136 sermo
1007 3069 1289 3134 diuinus:
1324 3071 1509 3152 quia
1531 3070 1786 3136 Dauid
1816 3074 1987 3136 erat
2017 3072 2307 3153 profici
2327 3091 2461 3137 ens
2506 3075 2582 3136 et
2612 3061 2919 3154 semper

659 3192 736 3238 se
804 3174 975 3254 ipso
1042 3171 1479 3252 robustior,
1546 3176 1815 3239 domus
1883 3179 2140 3242 autem
2196 3175 2387 3241 Saul
2452 3178 2917 3241 decrescens

660 3297 692 3342 c
708 3295 742 3341 o
756 3277 981 3341 tidie.
1034 3278 1236 3341 iustus
1285 3281 1380 3341 est
1425 3278 1608 3356 enim,
1655 3282 1727 3342 ut
1771 3278 2072 3360 propheta
2100 3280 2209 3358 ait,
2256 3282 2457 3344 iustus
2504 3281 2600 3343 est
2631 3279 2917 3343 dominus

661 3385 726 3445 et
770 3381 1013 3446 rectum
1058 3380 1363 3445 iudicium
1409 3398 1614 3447 suum.

864 3585 929 3638 10
964 3584 1199 3637 Hierem.
1235 3584 1286 3649 8,
1323 3583 1358 3637 8
1564 3584 1627 3637 11
1666 3583 1900 3638 Hierem.
1942 3584 1988 3649 7,
2027 3585 2062 3637 4
2265 3586 2332 3640 26
2367 3585 2427 3639 II
2465 3585 2595 3655 Reg.
2634 3586 2683 3652 3,
2723 3586 2752 3638 1

656 3668 726 3732 28
768 3668 911 3722 Psal.
950 3670 1065 3734 118,
1106 3670 1204 3724 137

759 3856 794 3909 5
828 3856 1110 3924 religiosae
1145 3856 1201 3910 B
1408 3856 1474 3936 13
1517 3854 1820 3909 direxeritis
1868 3855 2126 3926 Vulqata:
2183 3857 2429 3911 dixeritis
2464 3857 2576 3911 AB
2612 3858 2775 3924 (rell.)

660 3950 727 4003 14
761 3952 815 4003 et
850 3950 1084 4004 aduenae
1118 3951 1173 4004 B
1381 3951 1446 4004 19
1494 3949 1788 4019 superfluae
1813 3958 2010 4019 punct.
2048 3968 2081 4005 a
2115 3952 2171 4005 A
2377 3953 2446 4006 20
2492 3953 2774 4007 dicendum
2811 3953 2914 4020 (di-

657 4043 824 4097 cendfi
866 4043 1013 4097 wnde
1055 4045 1293 4111 primum
1341 4044 1565 4099 dicendu
1611 4049 1727 4099 tum
1771 4045 1963 4099 crebra
2002 4048 2416 4112 permutatione
2450 4062 2487 4098 u
2524 4052 2575 4101 et
2611 4062 2642 4101 o
2678 4047 2783 4101 litt.
2831 4046 2913 4101 di-

657 4136 840 4204 cendo)
875 4138 1219 4206 scripsimusz
1266 4139 1490 4194 dicendo
1526 4139 1582 4192 A
1628 4140 1836 4193 dicetur
1863 4139 2188 4195 BHalmius
2373 4141 2441 4196 23
2464 4140 2696 4210 probant
2720 4141 2776 4194 B

654 4232 724 4286 28
759 4231 934 4286 iustus
970 4251 1054 4300 fs,
1089 4234 1292 4288 iterum
1326 4234 1390 4287 in
1423 4233 1519 4299 fhn.
1555 4232 1653 4286 lin.
1688 4232 1744 4285 A

146 4375 609 4590 ‘N
