3380 4919
1271 1020 1701 1119 LIBER
1771 1020 1966 1119 IIII.

580 1300 633 1364 Ι.
691 1299 831 1365 Non
896 1318 995 1364 me
1051 1298 1382 1383 praeterit,
1451 1298 1704 1365 domina
1759 1299 1848 1364 mi
1905 1299 2197 1382 ecclesia,
2261 1298 2468 1364 nutrix
2527 1296 2749 1364 beatae
2770 1298 2803 1362 1

494 1404 647 1488 spei,
708 1402 857 1469 haec
919 1421 1076 1486 quae
1135 1401 1368 1469 libellis
1413 1401 1836 1485 superioribus
1882 1402 2171 1482 diximus,
2238 1402 2555 1468 nonnullis
2600 1400 2750 1466 filiis

495 1508 620 1572 tuis
651 1505 971 1572 Christum
1016 1525 1238 1591 parum
1285 1505 1640 1573 amantibus
1684 1505 2030 1588 displicere.
2092 1506 2198 1571 sed
2233 1524 2345 1571 nos
2391 1505 2748 1571 uoluntates

453 1634 475 1672 s
495 1629 705 1676 eorum
761 1627 885 1675 non
941 1610 1156 1693 magni
1213 1611 1560 1694 pendimuS‚
1616 1609 1764 1693 quia
1807 1627 1924 1674 nec
1966 1608 2196 1674 mirum
2242 1612 2353 1688 est,
2399 1610 2474 1676 ut
2518 1609 2607 1674 eis
2654 1610 2749 1674 lo-

497 1714 751 1796 quentia
796 1714 871 1778 de
917 1713 1030 1777 deo
1078 1712 1270 1778 uerba
1313 1731 1439 1779 non
1480 1714 1790 1796 placeant,
1837 1712 2063 1796 quibus
2106 1712 2237 1796 ipse
2282 1712 2546 1778 forsitan
2594 1713 2749 1778 deus

496 1836 615 1882 non
674 1817 912 1899 placet,
969 1835 1080 1881 nec
1137 1815 1579 1900 expectandum
1599 1867 1614 1896 ,
1674 1819 1747 1881 ut
1790 1817 2243 1883 insinuatorem
2288 1816 2513 1882 salutis
2561 1820 2750 1900 atque

496 1920 848 1985 animarum
905 1939 1254 1985 sermonem
1299 1922 1510 1986 ament
1555 1920 1663 2002 qui
1709 1919 1981 1986 salutem
2024 1921 2226 2004 ipsam
2273 1923 2461 2003 atque
2506 1919 2747 1985 animas

496 2040 642 2088 suas
701 2040 826 2088 non
883 2026 1118 2088 amant.
1194 2022 1516 2088 sufficiunt
1571 2023 1807 2104 itaque,
1867 2024 2030 2089 sicut
2085 2023 2150 2087 in
2196 2022 2357 2103 aliis,
2417 2022 2512 2087 ita
2555 2023 2749 2088 etiam

427 2126 560 2193 min
606 2125 720 2192 hac
762 2128 940 2210 parte
986 2127 1162 2191 nobis
1194 2144 1410 2193 sensus
1446 2128 1694 2190 tantum
1726 2126 1791 2190 et
1818 2125 2052 2191 iudicia
2080 2128 2474 2191 sanctorum:
2523 2127 2750 2209 quibus

496 2228 663 2294 idem
708 2233 894 2311 atque
941 2231 1104 2311 apud
1148 2246 1259 2294 nos
1292 2229 1725 2307 sentientibus,
1776 2229 1931 2293 certi
1975 2227 2249 2312 profecto
2295 2247 2510 2293 sumus
2556 2228 2750 2292 etiam

496 2332 681 2398 deum
712 2333 919 2413 ipsum
951 2331 1181 2396 sentire
1209 2332 1551 2416 nobiscum,
1598 2333 1763 2415 quia,
1797 2350 1939 2397 cum
1969 2334 2035 2398 in
2067 2334 2300 2399 sanctis
2330 2334 2459 2399 suis
2491 2332 2749 2415 spiritus

496 2436 597 2503 dei
641 2439 911 2515 maneat,
972 2437 1202 2519 absque
1258 2434 1445 2503 dubio
1493 2436 1644 2502 deus
1689 2434 1825 2502 illic
1869 2440 1983 2514 est,
2039 2436 2148 2503 ubi
2190 2437 2306 2502 illa
2348 2456 2490 2520 pars
2536 2435 2746 2516 fuerit,

497 2555 534 2603 a
576 2557 700 2623 qua
744 2538 843 2603 dei
898 2538 1156 2621 spiritus
1217 2556 1339 2603 non
1385 2539 1640 2604 recedit.
1714 2557 2051 2622 prauorum
2099 2557 2244 2622 ergo
2290 2539 2636 2617 hominum,
2682 2531 2810 2604 id2

428 2665 479 2706 15
496 2642 589 2707 est
644 2642 747 2707 uel
802 2660 1186 2725 paganorum
1239 2643 1343 2707 uel
1402 2642 1840 2719 mundialium,
1901 2660 2115 2707 sensus
2179 2646 2289 2706 aut
2334 2643 2516 2725 parui
2561 2643 2750 2708 aesti-

496 2745 710 2808 mandi
755 2746 904 2809 sunt
946 2748 1056 2809 aut
1101 2744 1260 2809 nihil
1291 2745 1540 2810 omnino
1586 2744 1892 2810 faciendi:
1941 2747 2122 2829 quia
2166 2746 2234 2810 si
2279 2745 2750 2825 hominibuS,

497 2847 704 2931 inquit
765 2850 1094 2932 apostolus,
1154 2848 1473 2930 placere
1531 2849 1854 2928 uellem,
1916 2848 2223 2914 Christi
2284 2867 2556 2913 seruus
2599 2866 2752 2912 non

498 2970 763 3017 essem.
836 2952 995 3018 illud
1040 2953 1254 3017 durius
1298 2971 1370 3017 ac
1415 2953 1761 3029 molestius,
1818 2953 1981 3034 quod
2026 2953 2299 3036 quidam,
2347 2955 2420 3016 ut
2464 2951 2750 3028 arbitror,

498 3054 771 3121 filiorum
828 3057 1076 3121 tuorum
1130 3054 1246 3119 sub
1303 3055 1625 3138 religionis
1679 3056 1866 3120 titulo
1922 3074 1959 3119 a
2015 3055 2313 3139 religione
2371 3055 2749 3122 dissentiunt

430 3159 561 3223 zoet
605 3158 821 3223 habitu
880 3157 1079 3240 magis
1122 3159 1439 3222 saeculum
1485 3157 1791 3240 reliquere
1839 3176 2028 3239 quam
2071 3177 2288 3223 sensu:
2351 3176 2633 3241 quorum,
2682 3157 2750 3222 ni

498 3259 703 3339 fallor,
749 3259 1059 3325 sententia
1102 3259 1216 3324 hoc
1257 3259 1450 3324 habet
1493 3264 1677 3341 atque
1723 3261 1975 3343 adserit,
2024 3261 2191 3326 omni
2228 3262 2480 3326 omnino
2511 3259 2750 3327 homini

501 3361 854 3429 Christiano
898 3364 1423 3446 propinquitatem
1479 3362 1546 3427 in
1592 3364 1762 3429 exitu
1809 3363 2008 3447 magis
2053 3365 2567 3431 considerandam
2614 3381 2748 3428 esse

500 3483 687 3548 quam
734 3463 1076 3531 Christum.
1150 3470 1214 3529 et
1266 3466 1414 3547 quia
1456 3464 1716 3547 profana
1761 3466 2012 3547 penitus
2058 3485 2169 3548 per
2215 3485 2280 3531 se
2326 3468 2460 3532 erat
2504 3459 2811 3532 excom-3

500 3567 768 3651 bilisque
793 3568 1120 3649 sententia,
1144 3569 1377 3647 uelare,
1411 3571 1676 3651 utputo,
1702 3568 2201 3636 infidelissimam
2225 3569 2749 3652 praedicationem

709 3770 772 3823 16
809 3768 927 3824 Gal.
970 3770 1016 3836 1,
1057 3769 1123 3824 10

604 3958 638 4010 3
673 3956 949 4009 nonnullis
985 3972 1053 4011 ex
1090 3957 1181 4011 -lli
1217 3972 1360 4012 corr.
1393 3974 1463 4013 m.
1499 3960 1540 4013 2
1573 3960 1629 4014 A
1840 3962 1901 4015 11
1941 3964 2074 4031 aput
2108 3962 2164 4016 A
2370 3963 2547 4033 atque]
2586 3978 2751 4033 aeque

502 4042 586 4097 ed.
622 4043 898 4098 Baluziue
935 4045 1078 4111 (cum
1114 4045 1170 4112 b)
1380 4045 1445 4099 15
1489 4046 1575 4101 uel
1613 4048 1767 4116 (post
1801 4049 1905 4116 est)
1940 4063 2039 4103 om.
2080 4048 2352 4104 Baluzius
2556 4050 2623 4105 17
2668 4051 2751 4105 in-

500 4128 633 4269 qui}
683 4126 738 4182 B
760 4214 816 4268 A
943 4128 1012 4183 20
1064 4129 1354 4198 relinquere
1407 4146 1476 4186 ex
1526 4132 1692 4202 reliq·
1745 4147 1887 4189 corr.
1937 4149 2002 4188 m.
2046 4136 2097 4218 2·
2138 4134 2194 4188 B
2396 4135 2463 4189 22
2515 4136 2752 4191 conside·

499 4230 594 4270 ran
634 4229 722 4268 um
