3380 4919
607 241 728 307 106
1576 236 1895 291 Saluiani

600 426 1030 494 Romanorum
1061 427 1336 494 offendat
1378 427 1567 492 deum
1611 426 1766 510 uita,
1812 445 1957 508 pars
2004 426 2069 490 et
2110 423 2485 491 infidelitate
2519 427 2755 510 pariter
2799 432 2864 490 et

601 533 753 605 uita,
802 531 977 597 saluo
1022 549 1111 610 eo,
1157 531 1320 613 quod
1367 529 1557 597 etiam
1602 530 1775 613 ipsae
1806 529 2115 613 quondam
2142 529 2423 595 haereses
2453 531 2860 596 barbarorum

603 633 678 701 de
721 633 985 701 Romani
1040 635 1388 718 magisterii
1446 635 1766 718 prauitate
1824 634 2158 710 fluxerunt,
2228 651 2302 699 ac
2351 633 2609 717 perinde
2668 633 2860 701 etim

605 737 723 803 hoc
764 743 1051 804 nostrum
1118 737 1356 805 crimen
1400 739 1516 816 est,
1585 738 1748 819 quod
1815 737 2029 820 populi
2097 736 2501 805 barbarorum
2565 736 2863 803 haeretici

606 858 740 907 esse
784 844 1137 924 coeperunt.
2901 859 2933 905 ⁶

504 979 584 1046 15
689 976 850 1044 1111.
916 977 1107 1042 Porro
1153 981 1362 1042 autem
1424 979 1731 1058 quantum
1790 978 1868 1043 ad
1919 975 2472 1042 conuersationem
2516 976 2864 1046 Gothorum

605 1081 717 1145 aut
759 1081 1218 1147 Wandalorum
1262 1081 1554 1162 pertinet,
1602 1080 1751 1163 quid
1793 1082 1892 1144 est
1936 1083 2001 1145 in
2034 1097 2154 1162 quo
2197 1080 2292 1145 eis
2336 1081 2447 1144 aut
2489 1098 2864 1163 praeponere

606 1199 716 1248 nos
760 1186 872 1249 aut
917 1184 1112 1249 etiam
1157 1201 1517 1268 comparare
1563 1184 1871 1267 possimus
1887 1186 1920 1248 ἓ
1962 1202 2034 1248 ac
2080 1183 2359 1265 primum
2403 1186 2476 1247 ut
2520 1183 2596 1248 de
2641 1183 2866 1248 affectu

572 1306 575 1313 ⁴
608 1291 672 1352 et
716 1289 977 1354 caritate
1032 1286 1259 1367 dicam,
1314 1306 1501 1370 qnam
1557 1288 1959 1370 praecipuam
2004 1287 2292 1352 dominus
2337 1290 2515 1353 docet
2557 1306 2688 1353 esse
2732 1285 2865 1352 uir-

606 1393 812 1457 tutem
857 1395 921 1456 et
962 1410 1156 1474 quam
1200 1407 1325 1456 non
1384 1392 1587 1456 solum
1648 1410 1760 1472 per
1815 1407 2032 1455 omnes
2076 1391 2418 1473 scripturas
2463 1408 2698 1472 sacrm,
2758 1389 2865 1455 sed
2882 1411 2935 1452 ισ

608 1496 799 1561 etiam
845 1512 956 1578 per
986 1495 1216 1578 seipse
1248 1495 1644 1560 commendat
1688 1494 1929 1560 dicens:
1977 1494 2055 1559 in
2098 1495 2239 1560 hoc
2282 1494 2623 1572 scietur,
2667 1497 2866 1576 quod

609 1598 993 1682 discipuli
1034 1599 1189 1662 mei
1235 1599 1470 1681 ostie,
1516 1600 1582 1663 si
1626 1613 1760 1662 uos
1805 1598 2150 1662 inuicem
2201 1597 2607 1683 diligatis:
2654 1614 2870 1662 omnes

611 1719 674 1766 se
715 1702 848 1766 fere
891 1701 1157 1781 barbari,
1220 1701 1327 1784 qni
1372 1701 1554 1766 modo
1607 1704 1758 1765 sunt
1801 1701 1988 1767 unius
2047 1700 2254 1784 gentis
2297 1704 2360 1765 et
2403 1701 2585 1784 regis,
2645 1704 2868 1764 mutuo

514 1805 591 1870 16
611 1806 861 1885 amant,
924 1822 1136 1869 omnes
1195 1823 1391 1887 paene
1442 1804 1709 1869 Romani
1768 1822 1835 1870 se
1892 1808 2114 1870 mutuo
2173 1807 2650 1887 persequuntur.
2723 1802 2865 1884 quis

614 1907 783 1972 enim
829 1908 985 1972 ciuis
1024 1924 1152 1973 non
1197 1908 1441 1973 inuidet
1487 1909 1661 1973 ciui?
1703 1907 1841 1990 quis
1886 1908 2137 1990 plenam
2181 1907 2390 1973 uicino
2413 1906 2671 1989 ‘exhibet
2707 1909 2863 1974 cari·
2886 1925 2939 1968 ιε

616 2012 860 2078 tatem?
927 2030 1140 2077 omnes
1185 2013 1409 2094 quippe
1452 2028 1489 2076 a
1533 2028 1617 2090 se,
1666 2012 1785 2077 etsi
1831 2012 1962 2076 loco
2005 2030 2127 2077 non
2174 2014 2421 2093 absunt,
2484 2011 2709 2076 affectu
2754 2011 2867 2076 ab·

618 2117 791 2194 sunt,
835 2115 956 2180 etsi
999 2115 1390 2182 habitatione
1434 2115 1803 2197 iunguntur,
1852 2118 2060 2181 mente
2104 2114 2400 2182 disiuncti
2443 2123 2609 2182 sunt.
2686 2116 2870 2198 atque

614 2219 860 2284 utinam
905 2220 1044 2304 hec,
1091 2219 1241 2285 licet
1285 2219 1368 2284 sit
1411 2220 1756 2303 pessimum
1801 2220 2063 2299 malum,
2110 2219 2358 2285 utinam
2402 2219 2571 2286 ciues
2607 2222 2869 2285 ‘tantum

617 2326 805 2405 atque
870 2321 1095 2388 uicini:
1161 2322 1319 2388 illud
1367 2326 1464 2412 est
1520 2325 1795 2406 greum,
1866 2323 2030 2407 quod
2075 2342 2189 2388 nec
2247 2325 2578 2406 propinqui
2618 2320 2868 2406 quidem

532 2416 535 2423 ’
615 2425 1101 2509 propinquitatis
1166 2427 1306 2493 iura
1375 2430 1766 2493 conseruent.
1844 2427 1984 2510 quis
2042 2427 2210 2492 enim
2269 2445 2333 2492 se
2392 2426 2687 2509 proximis
2739 2426 2868 2491 suis
2888 2445 2946 2486 20

615 2530 973 2611 proximum*
1012 2528 1264 2596 reddit?
1309 2529 1447 2613 quis
1487 2531 1678 2596 soluit
1733 2530 1983 2597 caritati
2028 2530 2191 2614 quod
2222 2549 2289 2594 se
2318 2531 2604 2615 agnoscit
2648 2531 2869 2595 debere

615 2632 719 2696 uel
785 2632 1074 2698 nomini?
1142 2634 1281 2715 quis
1341 2636 1440 2698 est
1494 2633 1613 2699 hoc
1672 2634 1902 2712 animo,
1968 2636 2128 2715 quod
2169 2634 2481 2698 uocatur?
2547 2634 2685 2717 quis
2731 2634 2872 2697 ‘tam

616 2735 1015 2817 propinquus*
1056 2736 1242 2801 corde
1302 2753 1490 2819 quam
1549 2739 1883 2819 sanguine,
1941 2737 2009 2801 in
2054 2754 2174 2819 quo
2216 2755 2342 2802 non
2403 2735 2644 2802 luridus
2688 2735 2871 2803 mali-

620 2837 930 2902 uolentiae
971 2838 1142 2904 zelus
1189 2840 1385 2923 ardet,
1432 2839 1613 2904 cuius
1642 2858 1767 2905 non
1798 2859 2049 2906 sensum
2090 2839 2255 2905 liuor
2298 2839 2555 2920 inuasit,
2603 2838 2703 2905 cui
2748 2856 2871 2904 non

617 2940 995 3022 prosperitas
1054 2942 1263 3007 aliena
1321 2941 1700 3025 supplicium
1764 2946 1858 3008 est
1878 2946 1911 3008 1²
1977 2943 2115 3025 quis
2168 2959 2293 3007 non
2335 2942 2566 3009 ‘bonum
2613 2941 2872 3007 alterius
2890 2959 2946 3002 ιε

616 3044 858 3109 malum
919 3062 1103 3111 suum
1166 3045 1413 3112 credit?
1474 3047 1575 3111 cui
1619 3046 1712 3113 ita
1756 3045 1987 3111 sufficit
2046 3044 2320 3112 felicitas
2364 3063 2506 3125 sua,
2567 3047 2640 3109 ut
2686 3045 2875 3111 etiam

824 3280 886 3333 11
938 3276 1057 3333 Ioh.
1095 3277 1180 3341 13,
1216 3277 1284 3333 35

725 3496 751 3549 1
790 3495 991 3563 pariter
1029 3495 1146 3549 uita
1181 3489 1238 3548 Β
1408 3494 1442 3548 2
1476 3496 1590 3563 ipse
1627 3495 1743 3562 (sed
1776 3510 1817 3549 s.
1856 3509 1884 3547 e
1915 3507 2020 3547 scr.
2056 3494 2110 3560 a)
2145 3485 2411 3561 quondam
2449 3492 2651 3547 heresis
2686 3492 2742 3545 A

619 3580 653 3634 3
688 3580 856 3634 fluxe?
898 3582 1026 3649 (θεᾶς
1054 3580 1087 3594 ”
1129 3595 1199 3635 ex
1224 3586 1395 3649 parte
1429 3596 1568 3636 eras.
1605 3585 1658 3634 et
1694 3580 1823 3634 affl.
1858 3594 1928 3633 m.
1964 3582 2006 3633 2
2041 3578 2089 3632 it
2123 3579 2179 3632 A
2385 3578 2606 3647 proinde
2642 3578 2876 3633 Ritters·

618 3668 810 3721 husius
1021 3668 1087 3720 13
1132 3667 1275 3720 ferre
1319 3665 1413 3722 alt.
1449 3682 1478 3720 r
1504 3674 1700 3735 pumen.
1746 3666 1802 3719 A
2003 3664 2121 3733 qui]
2168 3678 2303 3732 quo·
2348 3666 2511 3731 (eras.
2556 3668 2620 3718 ut
2661 3663 2782 3718 uid.
2820 3662 2880 3727 d)

620 3753 676 3806 A
856 3754 1028 3822 rig-iel*
1054 3754 1123 3809 «in
1157 3754 1253 3820 fin.
1289 3769 1316 3807 e
1350 3769 1420 3807 m.
1455 3768 1561 3807 rec.
1598 3752 1729 3807 add.
1765 3752 1821 3805 A
2019 3751 2085 3805 14
2120 3767 2176 3806 se
2209 3751 2265 3804 A
2297 3767 2370 3805 m.
2394 3754 2433 3806 2
2464 3766 2506 3806 s.
2545 3751 2581 3805 l.
2764 3763 2877 3820 per-

622 3841 874 3892 secuntur
922 3838 977 3892 Β
1045 3849 1051 3854 ’
1180 3838 1302 3907 quis
1337 3836 1481 3892 enim
1512 3837 1729 3906 plenam
1765 3833 1821 3891 Β
2026 3835 2090 3889 21
2142 3836 2371 3890 caritate
2413 3837 2469 3890 A
2671 3836 2743 3890 22
2789 3836 2877 3890 uel

620 3924 685 3979 ἃ
719 3925 773 3978 A
809 3939 948 3979 eras.
981 3923 1079 3978 sed
1108 3925 1193 3978 ita
1225 3928 1289 3979 ut
1322 3924 1507 3979 adhuc
1540 3924 1651 3993 leyi
1674 3918 1856 3991 Possit
2061 3922 2277 3976 nomine
2322 3923 2378 3975 A
2421 3923 2553 3989 fort.
2600 3928 2743 3978 recte

620 4010 722 4065 hoc
756 4014 840 4064 eet
875 4009 930 4063 ,Β
1132 4009 1274 4080 quis]
1315 4021 1447 4078 quas
1482 4011 1538 4064 A
1571 4023 1615 4063 ε.
1649 4015 1754 4064 θεν.
1790 4010 1809 4062 i
1845 4025 1915 4065 m.
1940 4009 1982 4063 2
2181 4008 2257 4063 ²23
2289 4008 2501 4064 luridus
2536 4009 2601 4064 et
2635 4010 2746 4063 AB
2780 4009 2879 4063 ἥα-

622 4098 746 4153 beat
779 4095 1064 4150 minmit
1098 4095 1505 4151 Rittershusius
1539 4095 1766 4161 (iiuidus
1800 4089 1944 4165 rell.)
2143 4096 2212 4150 24
2248 4095 2355 4165 cui]
2394 4096 2545 4150 cuius
2582 4097 2637 4150 A
2675 4097 2884 4165 (mum-

623 4199 692 4239 ex
725 4181 967 4238 anteced.
1003 4180 1178 4250 cuius)
1385 4182 1453 4235 26
1486 4182 1568 4251 ut]
1605 4184 1704 4236 aut
1734 4186 1926 4250 punct.
1960 4196 1994 4235 a
2027 4182 2083 4235 A
2139 4187 2150 4199 ’
