3380 4919
1162 313 1238 366 ad
1274 314 1630 368 ecclesiam
1672 315 1763 369 III
1800 320 1831 380 ξ
1868 316 2087 371 51-57.
2629 321 2752 388 287

497 523 646 569 non
693 505 808 568 est
854 503 1087 581 enim,
1147 504 1353 586 inquit
1397 506 1476 569 ad
1523 507 1707 570 deum
1752 507 1997 587 patrem
2044 524 2245 572 sermo
2292 506 2558 586 diuinus,
2608 526 2754 572 non

495 605 738 671 estin
784 608 1033 671 morte
1092 608 1224 690 qui
1286 626 1566 673 memor
1623 609 1731 672 sit
1780 610 1930 673 tui:
1996 608 2078 673 in
2121 608 2440 674 inferno
2486 612 2756 676 autem

496 711 670 793 quis
741 710 1267 775 confitebitur
1339 710 1545 776 tibi?
1649 712 1892 777 excludi
1958 712 2206 795 penitus
2274 733 2311 777 a
2378 712 2857 780 confessione55

494 813 737 895 peccati
782 814 1170 895 peccatorem
1216 818 1533 879 mortuum
1579 817 1969 895 protestatur
2015 834 2125 881 nec
2161 834 2341 899 posse
2371 835 2499 881 esse
2532 835 2752 899 quem-

452 934 684 998 5quam
727 918 941 999 postea
985 917 1082 982 dei
1126 935 1484 995 memorem,
1533 918 1640 999 qui
1685 917 1751 981 in
1797 916 1913 983 hac
1959 918 2097 983 uita
2133 919 2230 984 sui
2276 917 2467 983 fuerit
2496 918 2752 984 oblituS.

494 1022 642 1085 adeo
700 1019 898 1084 omnis
946 1019 1004 1084 ei
1048 1038 1186 1102 spes
1245 1020 1497 1103 penitus
1556 1019 1906 1085 absciditur
1954 1024 2015 1086 et
2062 1021 2261 1086 omnis
2318 1022 2487 1086 uitae
2546 1022 2754 1087 aditus

495 1123 834 1205 obseratur,
892 1124 983 1202 ut,
1045 1142 1188 1187 cum
1251 1142 1373 1187 una
1429 1125 1513 1188 sit
1569 1141 1671 1187 reo
1729 1126 1947 1190 salutis
2005 1127 2107 1190 uia
2162 1143 2370 1208 preces
2431 1126 2509 1190 ad
2567 1125 2754 1189 deum

495 1226 750 1291 fundere
798 1228 860 1290 et
904 1227 1231 1291 caelestem
1280 1227 1773 1294 misericordiam
1817 1229 2277 1293 incessabiliter
2321 1246 2513 1306 orare,
2561 1228 2754 1293 etiam

494 1330 613 1396 hac
654 1335 941 1413 peccator
984 1330 1269 1395 letiferae
1317 1331 1646 1397 obliuionis
1695 1332 2235 1398 animaduersione
2282 1333 2633 1410 damnetur,
2680 1336 2753 1397 ut

422 1461 475 1500 ιο
495 1435 552 1499 ei
598 1452 712 1498 nec
757 1433 1056 1497 memoria
1100 1432 1351 1515 quidem
1390 1435 1508 1512 dei,
1558 1455 1595 1500 a
1626 1453 1746 1518 quo
1776 1453 2021 1518 sperare
2053 1436 2295 1519 debeat,
2342 1435 2751 1518 relinquatur.

494 1536 648 1601 haec
693 1555 836 1619 ergo
883 1536 1159 1617 cogitent
1203 1537 1329 1620 qui,
1370 1540 1524 1602 dum
1554 1538 1717 1604 filios
1761 1538 1991 1604 habere
2039 1551 2180 1621 post
2218 1541 2485 1604 mortem
2519 1539 2751 1604 diuites
2774 1538 2856 1604 56

494 1641 773 1724 cupiunt,
837 1641 1191 1706 futurorum
1254 1641 1702 1724 suppliciorum
1760 1660 1874 1707 nec
1917 1643 1982 1707 in
2031 1647 2233 1708 morte
2295 1643 2750 1708 meminerunt:

493 1743 644 1810 haec
703 1743 979 1827 cogitent
1036 1745 1162 1827 qui,
1231 1746 1302 1810 ut
1361 1745 1429 1809 in
1490 1745 1606 1811 hac
1665 1746 1895 1811 caduca
1947 1745 2013 1810 et
2055 1747 2230 1811 breui
2295 1749 2431 1811 uita
2496 1746 2753 1811 heredes

495 1848 723 1913 diuites
782 1847 1074 1926 habeant,
1137 1851 1388 1913 aeterna
1435 1868 1499 1912 se
1544 1851 1710 1931 ipsos
1757 1851 1957 1914 morte
2006 1850 2442 1915 condemnant.
2522 1850 2585 1915 in
2632 1868 2752 1932 quo

426 1978 476 2019 15
493 1952 742 2034 quidem
788 1968 908 2015 non
952 1952 1087 2016 tam
1131 1952 1272 2017 illos
1319 1957 1534 2017 amant
1579 1972 1765 2035 quam
1811 1972 1875 2018 se
1921 1957 2203 2032 oderunt,
2260 1954 2406 2036 quia
2451 1973 2573 2019 non
2620 1958 2753 2018 tam

494 2055 759 2120 salubris
825 2072 998 2119 amor
1059 2057 1175 2130 est,
1244 2057 1351 2137 qui
1418 2056 1597 2122 breui
1659 2056 1950 2133 consulit,
2023 2074 2208 2138 quam
2266 2075 2455 2140 graue
2518 2059 2751 2138 odium,

497 2158 658 2238 quod
703 2157 768 2221 in
814 2157 1182 2222 aeternitate
1224 2157 1554 2223 cruciabit.
1617 2159 1680 2222 et
1717 2159 1856 2224 ideo
1889 2158 2039 2224 deus
2073 2161 2301 2237 noster,
2350 2161 2516 2224 utin
2548 2162 2751 2241 primo

497 2261 735 2325 dudum
777 2259 993 2325 libello
1041 2260 1329 2336 diximuS,
1377 2261 1774 2343 disciplinam
1802 2264 2093 2343 parentes
2127 2263 2542 2326 thesaurizare
2574 2262 2754 2327 iubet

497 2364 646 2429 filiis
691 2383 815 2429 non
861 2365 1206 2447 pecuniam,
1268 2365 1563 2446 perennia
1608 2365 1912 2447 praecipit
1958 2383 2080 2429 non
2126 2365 2405 2448 peritura
2452 2366 2748 2430 conferre.

429 2468 738 2534 zoscilicet
786 2470 931 2551 quia
976 2489 1072 2534 res
1117 2469 1472 2534 istiusmodi
1509 2470 1696 2550 atque
1727 2488 1880 2551 opus
1913 2472 2203 2534 sanctum
2242 2473 2305 2533 et
2339 2468 2485 2532 filiis
2517 2469 2754 2551 pariter

501 2573 565 2635 et
592 2572 954 2653 parentibus
986 2573 1266 2654 prosunt,
1314 2571 1464 2636 filiis
1499 2576 1715 2654 utique
1745 2592 1854 2656 per
1884 2572 2254 2655 disciplinae
2285 2571 2753 2637 institutionem

498 2678 858 2756 parentibus
924 2696 1031 2759 per
1096 2676 1555 2741 munificentiae
1624 2675 2004 2758 largitatem.
2081 2680 2144 2739 et
2201 2675 2349 2739 filiis
2411 2675 2579 2738 enim
2634 2675 2752 2741 hoc

499 2778 835 2863 disciplina
863 2780 1158 2861 praestat,
1192 2782 1263 2843 ut
1293 2779 1564 2844 salutem
1595 2779 1846 2861 capiant
1875 2780 2261 2860 perpetuam,
2301 2778 2363 2841 et
2391 2777 2752 2860 parentibus

498 2882 782 2965 largitae,
828 2886 900 2946 ut
945 2882 1210 2946 mortem
1256 2881 1557 2963 effugiant
1600 2881 2062 2962 sempiternam.

429 3026 481 3070 25
582 3004 764 3069 XIII.
828 3002 947 3069 Sed
994 3005 1092 3068 cui
1137 3003 1286 3069 haec
1341 3003 1610 3067 dicimus
1655 3003 1767 3068 aut
1811 3022 1920 3067 cur
1966 3002 2234 3066 dicimus
2252 3005 2283 3066 Ρ
2350 3002 2458 3065 ubi
2504 3006 2751 3085 apertas
2771 3002 2854 3068 57

498 3126 676 3180 aures
721 3108 832 3171 aut
876 3107 1162 3171 uidentes
1208 3109 1414 3172 oculos
1461 3107 1744 3171 inuenire
1789 3105 2134 3188 poterimus
2152 3106 2184 3170 P
2230 3125 2265 3170 o
2281 3124 2397 3170 mn
2412 3125 2443 3169 e
2455 3124 2485 3169 s
2531 3124 2563 3169 e
2575 3107 2750 3184 nim,

498 3213 571 3275 ut
613 3212 691 3275 de
750 3210 940 3291 inpiis
997 3211 1286 3295 legimuS,
1353 3230 1600 3293 paene
1647 3228 1859 3275 omne
1880 3229 1911 3274 s
1958 3210 2604 3291 declinauerunt,
2651 3210 2753 3274 si-

497 3314 654 3378 mul
698 3313 1042 3378 inutiles
1086 3315 1288 3379 facti
1331 3318 1549 3390 sunt3
1611 3330 1760 3377 non
1806 3316 1926 3377 est
1970 3313 2101 3395 qui
2145 3313 2394 3377 faciat
2438 3315 2751 3395 bonum,

497 3435 638 3484 non
706 3422 824 3482 est
890 3436 1132 3500 paene
1197 3436 1438 3500 usque
1508 3420 1592 3482 ad
1659 3435 1910 3482 unum.
1986 3434 2149 3481 noua
2206 3417 2431 3497 quippe
2477 3414 2753 3479 amentia

427 3542 481 3583 30
498 3522 630 3585 tam
675 3521 1017 3586 saeculares
1065 3539 1249 3603 quam
1298 3521 1491 3585 etiam
1542 3520 1841 3603 quosdam
1886 3520 2257 3600 religionem
2302 3516 2606 3601 professos
2651 3516 2751 3580 in-

499 3626 684 3690 cessit
739 3624 1039 3690 homines.
1116 3625 1441 3707 siquidem,
1501 3625 1573 3688 ut
1615 3625 1853 3689 dudum
1909 3622 2115 3694 dicere
2160 3639 2575 3704 coeperamus,
2622 3619 2750 3684 iam

703 3813 731 3866 1
770 3812 914 3867 Psa1.
951 3813 998 3879 6,
1037 3813 1070 3866 e
1277 3812 1341 3865 17
1379 3810 1473 3863 nb.
1510 3810 1540 3864 1
1576 3810 1642 3863 21
1849 3809 1915 3862 26
1953 3808 2093 3861 Psal.
2136 3808 2215 3874 13,
2251 3808 2285 3860 3

600 3984 631 4036 1
680 3983 823 4036 enim
870 3997 1009 4036 eras.
1055 3981 1151 4036 sed
1195 3982 1280 4036 ita
1323 3988 1388 4036 at
1435 3983 1544 4052 leyi
1571 3982 1750 4050 possit
1783 3982 1837 4035 A
2046 3981 2077 4034 6
2125 3978 2457 4033 abscinditur
2505 3979 2587 4034 ed.
2632 3978 2751 4032 Ba-

497 4068 681 4123 luzias
851 4069 884 4120 9
923 4068 1210 4121 damnatur
1246 4067 1373 4133 AB,
1409 4068 1503 4121 ‘an
1529 4067 1900 4122 anacoluthon
1925 4064 2060 4120 est?
2097 4066 2356 4119 Halmius
2532 4065 2595 4119 15
2624 4070 2750 4132 post

493 4154 656 4221 prius
699 4156 815 4207 tam
850 4170 894 4222 p
939 4159 989 4207 et
1035 4153 1157 4208 edd.
1211 4159 1342 4207 ante
1386 4154 1701 4208 Halmium:
1757 4151 2037 4205 heredibus
2091 4150 2376 4205 consulunt
2430 4166 2588 4219 quam
2644 4148 2750 4202 sibi

497 4240 693 4294 obsunt
729 4255 835 4292 non
868 4242 985 4293 tam
1026 4297 1031 4303 ,
1194 4239 1261 4292 23
1297 4240 1478 4309 cupiat
1514 4240 1569 4293 B
