3380 4919
698 314 828 379 294
1675 310 1989 364 Saluiani

588 499 679 565 73
784 501 993 566 XVII.
1053 500 1175 567 Sed
1222 501 1481 567 forsitan
1528 499 1664 577 tibi,
1713 500 2087 583 quicumque
2119 498 2291 566 diues
2329 519 2413 579 eS‚
2463 501 2800 585 indignum
2845 501 2961 566 hoc

698 603 1131 691 facultatibus.
1172 605 1299 669 tuis
1367 623 1517 685 opus
1582 602 2100 684 pauperculorum
2155 620 2284 668 esse
2339 605 2628 668 uideatur
2685 607 2748 669 et
2796 604 2957 668 uelis

698 708 975 789 aliquam
1041 709 1122 772 ad
1190 711 1252 772 te
1317 706 1719 790 peculiariter
1791 707 2208 788 pertinentem
2283 706 2679 788 sponsionem
2749 725 2956 772 sacrae

694 810 1124 891 promissionis
1192 810 1425 875 audire.
1501 808 1695 881 habes
1761 811 2035 892 primum
2094 809 2275 886 illud,
2347 811 2510 892 quod
2553 811 2632 875 ad
2696 810 2957 874 diuitem

696 912 880 977 illum
947 913 1014 978 in
1081 912 1406 996 euangelio
1477 913 1630 977 deus
1705 914 2008 994 loquitur:
2078 916 2309 989 uado,
2380 914 2624 977 uende
2694 913 2961 976 omnia
3003 934 3031 975 5

696 1014 901 1080 bona
964 1020 1128 1094 tua,
1172 1018 1276 1081 et
1340 1015 1674 1081 habebis
1745 1016 2209 1080 thesaurum
2274 1017 2352 1080 in
2420 1016 2655 1081 caelo.
2733 1015 2956 1080 deinde

698 1118 877 1197 illud,
942 1122 1100 1200 quod
1158 1122 1488 1199 praecepto
1536 1118 1964 1183 interdictorio
2008 1117 2380 1201 generaliter
2425 1119 2629 1183 iubet:
2697 1119 2959 1183 nolite

697 1220 1248 1287 thesaurizare
1315 1220 1558 1284 uobis
1627 1221 2038 1285 thesauros
2105 1221 2183 1283 in
2253 1224 2500 1296 terra,
2569 1221 2960 1285 thesauri-

595 1325 870 1389 74zate
938 1327 1201 1389 autem
1267 1323 1493 1388 uobis
1556 1322 1972 1387 thesauros
2016 1324 2092 1387 in
2139 1323 2379 1388 caelo.
2452 1326 2764 1406 postremo
2824 1325 2956 1403 illa,

700 1426 927 1507 quibus
973 1444 1185 1491 omnes
1230 1445 1441 1491 rerum
1485 1426 1901 1490 mundialium
1946 1443 2329 1509 possessores
2367 1430 2444 1493 ad
2489 1444 2640 1509 opus
2686 1428 2959 1510 profluae
2980 1447 3032 1486 ιο

696 1531 1015 1614 largitatis
1083 1550 1193 1615 spe
1256 1530 1538 1594 infinitae
1609 1516 2126 1611 remunerationis
2192 1531 2427 1595 inuitat
2496 1530 2727 1608 dicem,
2798 1531 2960 1614 quod

701 1635 923 1710 omnia
972 1635 1077 1716 qui
1120 1641 1369 1717 propter
1414 1634 1713 1700 honorem
1770 1637 1958 1717 atque
2002 1654 2274 1700 amorem
2324 1653 2508 1713 suum
2552 1638 2661 1699 aut
2706 1634 2959 1699 domum

698 1738 812 1802 aut
855 1756 1077 1820 agrum
1124 1739 1235 1801 aut
1280 1756 1739 1819 quamcumque
1785 1739 1974 1803 aliam
2022 1738 2393 1803 facultatem
2439 1738 2507 1801 in
2537 1756 2687 1803 usus
2719 1738 2960 1802 miseri-

702 1840 943 1917 cordiae
1008 1840 1378 1923 prorogarit‚
1447 1840 1812 1923 centuplum
1879 1841 2141 1921 accipiat
2197 1842 2262 1905 in
2318 1840 2563 1905 futuro:
2629 1841 2962 1921 insuper

699 1946 993 2019 autem,
1062 1941 1290 2025 inquit,
1358 1946 1434 2006 et
1490 1943 1737 2008 uitam
1796 1946 2199 2008 aeternam
2257 1943 2734 2025 possidebit.
2812 1941 3034 2024 quid15

703 2047 1004 2127 spondere
1070 2047 1273 2121 maius
1344 2046 1736 2110 credentibus
1799 2045 1920 2111 sibi
1986 2047 2191 2130 potuit
2237 2047 2344 2130 qui
2390 2048 2633 2132 magnis
2680 2046 2959 2112 faenera-

505 2137 508 2140 ’
586 2147 685 2241 .Ῥό
703 2148 944 2214 toribus
1011 2147 1140 2214 suis
1209 2149 1575 2231 centuplum
1641 2167 1706 2214 se
1773 2149 2165 2215 redditurum
2234 2168 2365 2215 esse
2438 2150 2771 2231 promisit?
2845 2168 2961 2214 nec

598 2237 615 2243 ⁴
702 2254 906 2318 solum
971 2252 1118 2331 hoc,
1186 2255 1293 2318 sed
1359 2253 1643 2326 uitam,
1712 2253 1948 2336 inquit,
2024 2258 2428 2318 aeternam
2494 2254 2961 2336 possidebit.

703 2357 819 2422 hoc
879 2356 1078 2422 multo
1147 2357 1290 2438 plus
1352 2359 1446 2421 est
1513 2375 1703 2438 quam
1761 2357 1900 2438 ipsa
1959 2359 2237 2440 centupli
2297 2359 2644 2440 retributi0‚
2699 2359 2851 2441 quia
2895 2358 2962 2421 id

695 2461 929 2544 ipsum,
977 2462 1137 2543 quod
1187 2459 1324 2543 quis
1355 2459 1745 2542 incentuplo
1779 2459 2106 2543 acceperit,
2153 2461 2220 2525 in
2258 2464 2555 2544 perpetuo
2601 2459 3035 2545 possidebit.2o

694 2583 828 2629 non
886 2566 1003 2629 erit
1048 2583 1193 2648 ergo
1238 2566 1390 2630 tunc
1440 2563 1685 2646 fragilis
1734 2566 1797 2627 et
1843 2564 2075 2629 caduca
2116 2565 2423 2645 possessio
2469 2583 2583 2629 nec
2626 2565 2693 2628 in
2739 2562 2961 2628 simili-

698 2669 988 2736 tudinem
1074 2668 1462 2733 terrenarum
1537 2665 1902 2758 diuitiarum
1984 2668 2242 2731 umbrae
2316 2668 2778 2748 praetereuntis
2853 2668 2962 2733 aut

704 2771 934 2838 somnii
979 2769 1374 2836 uanescentis
1406 2787 1575 2833 more
1619 2769 1914 2852 peritura.
1980 2769 2279 2852 quidquid
2311 2772 2530 2836 datum
2562 2790 2598 2834 a
2627 2772 2739 2837 deo
2773 2770 2961 2835 fuerit

698 2856 1035 2939 'inmortale
1096 2874 1234 2949 erit,
1305 2872 1608 2955 quidquid
1670 2873 1993 2953 acceptum
2059 2872 2253 2938 fuerit
2312 2875 2447 2938 sine
2511 2874 2777 2939 termino
2821 2892 2961 2956 per-

698 2976 1004 3064 manebit.
1081 2995 1151 3041 ac
1204 2996 1313 3059 per
1373 2977 1504 3053 hoc,
1570 2978 1642 3041 ut
1703 2976 1851 3066 dixi,
1912 2976 2054 3058 plus
2101 2996 2287 3059 quam
2333 2979 2697 3062 centuplum
2742 2977 3033 3060 accipitss

696 3082 812 3163 *qui
872 3080 963 3144 sic
1020 3080 1264 3170 accipit,
1335 3081 1480 3163 quia
1536 3079 1739 3145 uincit
1792 3080 2071 3161 centupli
2114 3081 2405 3163 pretium,
2470 3081 2536 3147 id
2578 3080 2786 3163 ipsum
2835 3098 2962 3145 esse

694 3183 1068 3266 <centuplum
1115 3185 1580 3268 sempiternum.

601 3301 687 3367 76
791 3304 1031 3368 XVIII.
1095 3304 1265 3385 Quae
1336 3322 1480 3369 cum
1545 3301 1636 3368 ita
1702 3302 1833 3368 sint
1888 3306 1950 3368 et
2018 3322 2158 3368 cum
2227 3307 2411 3369 tanta
2476 3302 2707 3386 absque
2776 3302 2963 3368 dubio

707 3410 1068 3490 recepturus
1111 3408 1194 3472 sit
1239 3409 1343 3489 qui
1377 3408 1490 3472 deo
1536 3406 1749 3486 credit,
1797 3408 2101 3489 quomodo
2148 3409 2219 3472 tu
2264 3407 2364 3472 his
2412 3406 2617 3485 rebuS‚
2665 3424 2816 3488 quas
2848 3406 2962 3471 deo

707 3512 974 3589 dederiS‚
1021 3530 1281 3576 usurum
1328 3514 1390 3575 te
1435 3528 1568 3575 esse
1612 3512 1756 3593 post
1800 3513 2070 3576 mortem
2115 3529 2237 3576 non
2263 3513 2487 3595 putee,
2537 3529 2800 3594 quarum
2845 3508 3036 3574 tibiso

705 3633 830 3680 non
896 3633 1081 3679 usum
1148 3614 1583 3679 tantummodo
1655 3612 1945 3678 dominus
2014 3614 2119 3678 sed
2186 3618 2593 3698 augmentum
2663 3612 2849 3678 etiam
2900 3615 2964 3676 et

805 3832 815 3848 .
912 3799 945 3853 5
983 3798 1185 3854 Matth.
1225 3800 1307 3865 19,
1345 3799 1408 3853 21
1587 3800 1617 3852 7
1653 3799 1853 3855 matth.
1889 3799 1938 3864 6,
1976 3800 2042 3854 19
2147 3861 2150 3862 f
2206 3800 2283 3854 -14
2317 3799 2513 3856 Matth.
2558 3800 2638 3865 19,
2673 3765 2743 3870 [29

811 3968 845 4023 2
899 3925 1080 4026 uellis,
1105 3937 1199 4024 alt.
1241 3970 1263 4023 l
1308 3949 1498 4038 pwnct.
1545 3971 1600 4025 B
1666 3963 1670 3967 ’
1807 3970 1842 4024 4
1894 3970 2061 4025 habes
2108 3986 2177 4025 ex
2208 3947 2377 4024 ⁴‘hahis
2414 3985 2655 4025 corr..m.
2691 3973 2729 4024 2
2777 3971 2830 4023 A

692 4055 778 4110 .13
800 4045 1117 4109 facultatem
1145 4070 1214 4112 cx
1230 4052 1382 4124 J-tum
1409 4061 1461 4112 et
1482 4055 1874 4125 statam-inquit
1897 4073 1967 4111 ex
1988 4057 2177 4127 inquid
2202 4072 2340 4111 corr.
2364 4073 2434 4110 m.
2459 4060 2497 4111 2
2521 4057 2575 4110 Β
2606 4108 2611 4114 ,
2791 4056 2857 4110 16
2891 4055 2967 4109 fe·

687 4141 1045 4208 tractatoribus
1083 4141 1138 4195 B
1249 4203 1253 4214 ⁴
1294 4142 1379 4197 221
1417 4142 1527 4198 erit,
1560 4159 1661 4221 om.
1699 4143 1754 4196 B
1887 4143 1995 4198 -222
2031 4144 2426 4220 praetereuntes
2461 4143 2575 4218 AB
2659 4189 2668 4218 ἶ
2746 4142 2815 4196 26
2850 4142 2965 4195 uin·

709 4228 787 4282 cit
825 4243 892 4283 ex
925 4228 1063 4283 uicit
1096 4244 1236 4312 corr.
1271 4245 1341 4281 m.
1377 4230 1418 4281 2
1457 4229 1511 4282 A
1719 4230 1985 4297 praetium
2021 4230 2075 4283 Δ

332 4469 801 4646 “X
