3380 4919
1278 268 1356 322 ad
1391 268 1751 323 ecclesiam
1795 268 1854 322 11
1898 272 1929 333 §
1964 267 2118 321 3-9.
2698 268 2823 334 247

566 462 815 527 differat
871 477 1095 541 genere
1154 475 1510 540 poenarum,
1571 459 1847 522 multum
1907 458 2124 521 tamen
2185 455 2378 521 distet
2430 474 2680 522 necesse
2727 461 2821 521 est

529 628 533 633 ,
565 564 932 630 diuersitate
976 560 1370 646 patientium.
1430 562 1538 626 sed
1582 560 1845 626 forsitan
1892 559 2049 625 dicis
2078 559 2366 643 generale
2414 561 2480 625 in
2522 560 2621 624 his
2668 579 2822 642 quae

569 669 837 734 diximus
886 667 1164 732 omnium
1213 665 1535 729 hominum
1565 683 1699 730 esse
1730 664 2011 729 debitum
2044 668 2107 728 et
2142 663 2210 729 in
2236 664 2353 729 hoc
2382 662 2821 729 uniuersorum

567 772 892 838 hominum
927 788 1135 853 genus>
1166 768 1889 833 indiscreteobnoxium.
1952 786 2175 833 uerum
2205 770 2321 835 est.
2384 771 2486 832 sed
2520 768 2822 847 numquid
2845 765 2883 830 7

530 877 792 957 5aliquis
858 875 992 939 ideo
1060 871 1264 937 minus
1332 870 1536 949 debet,
1606 871 1660 936 si
1719 875 1780 935 et
1837 872 1998 936 alius
2056 871 2220 935 idem
2282 870 2551 936 debeat?
2615 872 2724 934 aut
2769 869 2823 933 si

570 981 819 1043 centum
863 976 1193 1040 hominum
1237 975 1553 1039 cautiones
1585 975 1660 1040 de
1695 973 1976 1040 centenis
2022 975 2329 1039 sestertiis
2359 973 2630 1055 scriptae
2675 975 2823 1055 sint,

568 1100 717 1146 num
775 1079 1005 1145 idcirco
1060 1079 1389 1143 adleuatur
1432 1078 1619 1142 unius
1663 1077 1972 1156 debitum,
2017 1078 2071 1142 si
2114 1096 2329 1142 omnes
2373 1076 2500 1141 sint
2547 1075 2823 1141 eiusdem

569 1184 814 1248 numeri
869 1183 1223 1248 debitores?
1296 1200 1492 1246 unus
1549 1181 1888 1264 quisque
1934 1182 2172 1261 enim,
2230 1179 2436 1263 inquit
2481 1179 2823 1260 apostolus,

568 1306 788 1351 suum
855 1304 1042 1350 onus
1106 1285 1466 1367 portabit
1534 1287 1600 1350 et
1664 1305 1827 1350 unus
1891 1284 2150 1367 quisque
2218 1301 2327 1365 pro
2386 1303 2451 1348 se
2513 1284 2820 1347 rationem

501 1418 551 1458 ιο
568 1390 804 1454 reddet.
901 1407 1293 1472 nequaquam
1367 1408 1510 1473 ergo
1584 1389 1769 1455 unius
1842 1389 2081 1471 pondus
2155 1389 2423 1472 pondere
2497 1389 2825 1452 adleuatur

568 1491 828 1557 alterius
886 1511 999 1557 nec
1051 1491 1410 1558 absoluitur
1453 1512 1592 1558 reus
1648 1493 1950 1557 societate
2010 1492 2375 1557 multorum.
2448 1508 2645 1572 neque
2689 1490 2825 1554 ideo

568 1594 777 1658 minus
835 1600 933 1659 est
994 1595 1253 1661 cuilibet
1312 1598 1516 1660 taetra
1558 1595 1901 1673 damnatio,
1963 1595 2018 1661 si
2062 1595 2297 1660 multos
2342 1594 2631 1659 uideatur
2678 1609 2825 1657 con-

567 1697 760 1780 plices
805 1717 1031 1781 poenae
1076 1699 1303 1765 habere
1348 1699 1698 1764 damnatus.
1762 1698 1854 1764 ita
1884 1698 2020 1779 hoc,
2066 1701 2228 1780 quod
2257 1715 2447 1780 supra
2489 1697 2635 1773 dixi,
2679 1695 2826 1759 licet
2849 1693 2888 1758 8

568 1803 856 1885 generale
900 1803 985 1866 sit
1030 1802 1331 1880 debitum,
1380 1806 1442 1866 et
1487 1804 1756 1885 speciale
1805 1807 2012 1867 tamen
2042 1821 2171 1866 esse
2214 1819 2341 1867 non
2383 1800 2648 1867 dubium
2694 1801 2826 1877 est3

501 1906 717 1972 15110θῇ
761 1907 846 1970 sit
890 1923 1215 1971 commune
1260 1906 1561 1987 omnium,
1609 1909 1706 1972 est
1734 1906 1944 1972 tamen
1975 1905 2376 1986 peculiariter
2407 1903 2825 1986 singulorum3

566 2010 659 2074 ita
686 2008 782 2073 ed
828 2028 1037 2074 omnes
1083 2010 1425 2091 aequaliter
1469 2011 1779 2092 peruenit,
1826 2011 1988 2092 quod
2035 2012 2247 2074 tamen
2286 2009 2361 2074 de
2392 2027 2639 2073 summa
2683 2008 2826 2072 uni-

570 2112 792 2194 cuique
847 2112 941 2176 nil
998 2114 1249 2177 recedit.
1327 2112 1613 2177 Christus
1675 2114 1842 2177 enim
1900 2112 2066 2176 sicut
2115 2130 2227 2193 pro
2272 2110 2559 2176 omnibus
2605 2129 2827 2192 passus

569 2215 666 2278 est
709 2214 805 2278 sic
845 2234 955 2295 pro
1001 2216 1271 2298 singulis
1317 2218 1381 2281 et
1425 2215 1668 2280 cunctis
1714 2234 1781 2279 se
1833 2215 2117 2296 inpendit
2171 2216 2406 2298 pariter
2451 2214 2516 2278 et
2562 2213 2826 2297 singulis

568 2320 632 2381 et
688 2320 896 2381 totum
954 2336 1019 2382 se
1076 2318 1254 2382 dedit
1320 2318 1630 2383 uniuersis
1676 2321 1741 2383 et
1801 2319 2008 2382 totum
2075 2317 2371 2401 singuli83
2442 2335 2515 2381 ac
2558 2336 2667 2401 per
2713 2319 2829 2381 hoc

497 2443 550 2484 20
569 2418 872 2504 quidquid
917 2420 1200 2502 passione
1231 2439 1346 2486 sua
1373 2421 1652 2486 saluator
1689 2421 2028 2503 praestitit,
2074 2420 2240 2485 sicut
2269 2421 2479 2486 totum
2510 2420 2564 2484 ei
2599 2419 2827 2485 debent

567 2523 843 2588 uniuersi
902 2523 996 2589 sic
1054 2527 1262 2589 totum
1322 2525 1575 2607 singuli,
1637 2525 1765 2589 nisi
1814 2524 1977 2606 quod
2022 2542 2210 2606 prope
2254 2525 2368 2588 hoc
2410 2524 2551 2605 plns
2594 2522 2827 2606 singuli

567 2643 754 2706 quam
800 2627 1100 2705 uniuersi,
1149 2628 1311 2710 quod
1355 2628 1610 2692 tantum
1656 2630 2023 2710 acceperunt
2067 2625 2300 2709 singuli
2331 2629 2639 2708 quantum
2681 2625 2825 2691 uni-

568 2728 754 2795 uersi.
830 2730 941 2796 ubi
986 2731 1155 2796 enim
1199 2732 1316 2797 hoc
1362 2750 1522 2795 unus
1570 2731 1802 2813 accipit
1845 2734 2007 2813 quod
2052 2730 2351 2812 uniuersi,
2410 2729 2528 2794 etsi
2571 2747 2684 2811 par
2729 2730 2827 2793 est

566 2848 878 2912 mensura,
937 2834 1136 2899 maior
1191 2833 1435 2899 inuidia
1479 2835 1589 2899 est.
1668 2852 1789 2917 quo
1834 2834 1909 2897 fit
1958 2837 2049 2912 ut,
2095 2834 2246 2900 licet
2285 2835 2495 2917 ipsum
2540 2831 2825 2915 accipiat,

490 2957 549 3000 π
565 2934 706 3015 plus
733 2935 954 3000 debere
999 2938 1314 3017 uideatur,
1361 2936 1511 3020 quia
1540 2936 1743 3019 magis
1772 2936 1845 3001 fit
1877 2955 2037 3002 unus
2067 2936 2381 3014 obnoxius,
2429 2935 2538 3020 qui
2568 2935 2824 3001 uidetur

566 3037 856 3104 omnibus
901 3043 1293 3122 conparatus,
1372 3040 1529 3105 haec
1582 3058 1728 3122 ergo
1782 3040 2103 3119 hactenus,
2162 3041 2309 3122 quia
2352 3038 2662 3106 debitores
2709 3042 2822 3105 deo

569 3140 823 3220 quidam
871 3147 1228 3209 sanctorum
1273 3162 1405 3208 esse
1448 3161 1513 3207 se
1542 3160 1668 3207 non
1713 3146 1958 3225 putant,
2006 3162 2151 3210 cum
2181 3142 2463 3209 debitum
2491 3141 2823 3208 aestimare

567 3259 687 3307 non
739 3242 1001 3330 possint.

652 3360 768 3425 III.
838 3361 953 3426 Sed
1014 3362 1166 3428 dicit
1228 3362 1489 3428 fortasse
1549 3362 1794 3446 aliquis,
1859 3382 1979 3428 non
2040 3364 2293 3445 quidem
2348 3362 2657 3427 debitores
2702 3364 2888 3430 non9

497 3479 709 3529 coesse·
750 3470 1016 3549 sanctos,
1077 3468 1181 3530 sed
1241 3466 1439 3531 multo
1498 3469 1728 3531 tamen
1757 3465 1997 3532 maiora
2040 3465 2365 3532 hominum
2412 3462 2827 3528 saecularium

772 3668 806 3720 8
841 3667 954 3721 Gal.
997 3668 1045 3732 6,
1079 3668 1115 3719 4

667 3853 702 3906 2
744 3854 1071 3923 patientium
1113 3871 1184 3923 p:
1242 3856 1539 3922 patientem
1578 3862 1773 3924 punct.
1822 3872 1850 3910 e
1896 3856 1996 3910 ult.
2042 3856 2159 3925 syll.
2205 3860 2257 3910 et
2300 3870 2343 3910 s.
2381 3869 2483 3910 ser.
2518 3871 2588 3909 m.
2621 3851 2665 3910 '2
2703 3871 2738 3909 u
2771 3856 2826 3910 A

562 3938 869 4007 patientum
893 3940 950 3994 Β
1136 3940 1366 3995 forsitan
1389 3957 1460 3996 em
1482 3944 1626 3996 -tam
1647 3958 1784 3997 corr.
1810 3957 2013 3996 ramma
2035 3944 2090 3996 A
2283 3943 2318 3996 6
2341 3942 2609 3997 sestetriis
2635 3943 2691 3997 A

564 4024 635 4078 10
675 4024 942 4079 alienatur
988 4041 1129 4081 corr.
1175 4033 1383 4081 rasura
1416 4027 1471 4081 A
1516 4043 1586 4082 ex
1631 4028 1914 4081 adleuatur
1924 4068 1941 4096 ,
1991 4028 2141 4099 quod
2177 4029 2357 4098 paulo
2390 4034 2521 4085 ante
2553 4021 2827 4085 intactam

560 4110 818 4165 relictum
848 4115 931 4166 est
1140 4112 1206 4166 12
1237 4112 1518 4168 cuin-libet
1552 4112 1608 4168 Β
1799 4114 1868 4168 14
1902 4118 1959 4168 et
1992 4130 2093 4170 om.
2129 4116 2186 4169 B
2378 4115 2449 4170 20
2481 4107 2735 4186 quicquid
2771 4115 2828 4169 Β

562 4202 625 4251 ut
659 4196 780 4262 fere
813 4211 1020 4265 semper
1225 4198 1293 4251 24
1328 4201 1412 4253 est
1445 4199 1655 4253 inuidia.
1693 4204 1836 4265 (cum
1869 4201 1924 4268 b)
1960 4201 2042 4255 ed.
2079 4201 2355 4256 Baluzius
