3380 4919
1146 327 1226 381 ad
1263 326 1623 381 ecclesiam
1670 326 1730 380 11
1771 330 1801 390 ἓ
1837 325 2058 379 54-61.
2603 327 2730 391 263

472 539 648 586 suam
694 520 1014 601 mancipat
1059 520 1121 582 et
1164 517 1489 599 pecuniam
1535 518 1769 598 negat?
1816 515 1952 596 quis
1999 514 2323 596 promissis
2356 515 2727 579 caelestibus

471 624 658 687 fidem
724 624 1073 701 commodat
1132 621 1198 683 et
1252 637 1374 683 non
1433 620 1564 701 agit
1607 621 1679 682 ut
1752 636 1883 682 esse
1947 617 2140 698 possit
2208 618 2514 700 particeps
2581 635 2726 699 pro-

472 725 886 790 missionum?
962 729 1024 788 et
1082 725 1219 789 ideo
1265 742 1404 787 cum
1451 722 1777 786 uideamus
1826 720 2104 785 homines
2151 720 2302 784 haec
2347 737 2470 784 non
2520 739 2724 804 agere,

473 829 753 912 cogimur
820 847 943 892 11011
1012 829 1331 892 credentes
1399 826 1605 907 palam
1667 827 1730 889 et
1788 825 2111 890 euidenter
2180 842 2529 907 agnoscere.
2605 840 2727 888 non

430 933 625 996 slioet
670 935 743 995 ut
804 950 906 996 eos
965 949 1078 995 nos
1140 932 1252 995 deo
1312 930 1502 994 fidem
1563 930 1854 1011 putemus
1915 928 2228 1010 adhibere,
2298 946 2442 992 cum
2501 926 2601 990 illi
2661 945 2727 990 se

472 1036 654 1100 rebus
701 1036 970 1099 clament
1015 1052 1257 1116 negare.
1333 1034 1397 1097 in
1457 1051 1575 1114 quo
1622 1050 1868 1096 necesse
1913 1032 2005 1096 est
2051 1031 2487 1095 infidelitatem
2533 1049 2726 1112 paene
2746 1034 2829 1101 58

474 1139 752 1205 omnium
810 1137 1136 1202 hominum
1192 1136 1406 1221 plangi
1451 1142 1637 1218 atque
1681 1136 1906 1219 lugeri.
1983 1154 2017 1199 o
2062 1134 2337 1211 miseria,
2398 1152 2431 1198 0
2476 1153 2728 1216 peruer-

473 1245 664 1308 sitas!
738 1240 976 1306 homini
1035 1241 1112 1305 ab
1170 1241 1418 1304 homine
1478 1239 1754 1304 creditur
1800 1241 1864 1303 et
1909 1256 2030 1303 non
2075 1238 2348 1303 creditur
2396 1238 2541 1301 deo:
2611 1238 2727 1300 hu-

472 1348 678 1411 manis
736 1343 1250 1427 promissionibus
1312 1363 1454 1426 spes
1512 1344 1944 1408 commodatur
2001 1343 2111 1407 deo
2160 1345 2445 1425 negatur.
2521 1339 2730 1404 omnia

404 1475 457 1515 10
475 1450 739 1530 denique
786 1449 851 1513 in
896 1451 1080 1515 rebus
1125 1450 1415 1513 humanis
1446 1467 1584 1531 spes
1630 1448 1984 1513 futurorum
2032 1447 2255 1528 agunt:
2306 1444 2439 1508 uita
2484 1462 2727 1526 quoque

474 1553 606 1636 ipsa
671 1552 823 1616 haec
885 1553 1262 1633 temporaria
1330 1552 1576 1617 nonnisi
1631 1570 1743 1632 spe
1801 1551 1992 1614 alitur
2037 1569 2108 1614 ac
2152 1548 2515 1612 sustinetur.
2593 1546 2728 1610 ideo
2746 1556 2831 1623 59

476 1656 645 1718 enim
707 1657 882 1719 terris
945 1654 1265 1720 frumenta
1324 1656 1652 1737 818111111118,
1713 1657 1785 1719 ut
1846 1672 1987 1718 cum
2032 1654 2239 1717 usuris
2287 1653 2525 1716 credita
2569 1650 2728 1714 reci-

475 1759 748 1839 piamus:
806 1759 946 1823 ideo
991 1758 1058 1823 in
1102 1758 1302 1823 uineis
1350 1757 1527 1822 labor
1570 1757 1882 1821 maximus
1928 1756 2193 1838 ponitur,
2259 1756 2403 1837 quia
2448 1755 2728 1818 homines

475 1879 613 1943 spes
674 1861 1019 1926 uindemiae
1081 1861 1467 1926 consolatur:
1528 1861 1666 1925 ideo
1729 1860 2151 1942 negotiatores
2213 1860 2540 1923 thesauros
2586 1874 2728 1920 suos

405 1994 456 2033 15
476 1964 892 2047 emptionibus
947 1966 1246 2043 uacuant‚
1306 1965 1457 2028 dum
1512 1963 1972 2029 uenditionibus
2032 1968 2288 2044 sperant
2335 1980 2467 2026 esse
2512 1979 2731 2024 cumu-

474 2068 722 2133 landos:
789 2068 927 2132 ideo
989 2069 1356 2151 nauigantes
1412 2068 1610 2131 uitam
1668 2068 1874 2131 uentis
1932 2085 2003 2131 ac
2060 2066 2538 2148 tempestatibus
2599 2082 2730 2128 cre-

475 2172 649 2254 dunt,
694 2175 766 2235 ut
811 2171 1035 2253 spebus
1067 2170 1352 2251 uotisque
1395 2170 1731 2252 potiantur.
1766 2170 1827 2233 et
1868 2170 2015 2251 quid
2059 2169 2288 2250 plura?
2332 2187 2449 2249 pax
2493 2185 2730 2249 quoque

473 2274 638 2338 inter
682 2274 842 2338 feras
873 2292 945 2337 ac
982 2272 1273 2336 barbaras
1319 2276 1538 2355 gentes
1586 2290 1692 2352 spe
1737 2270 2034 2335 innititur
2068 2273 2130 2335 et
2159 2270 2278 2335 fide
2310 2269 2728 2352 adstipulante

474 2375 776 2440 firmatur.
837 2375 1109 2440 latrones
1156 2393 1395 2456 quoque
1426 2376 1549 2454 ipsi
1580 2380 1641 2438 et
1673 2372 2062 2453 sanguinarii
2092 2373 2280 2437 fidem
2311 2373 2430 2438 sibi
2459 2372 2729 2436 inuicem

405 2498 595 2553 20non
653 2482 887 2563 negant
942 2479 1004 2541 et
1061 2496 1217 2559 quae
1277 2478 1674 2559 promiserint
1732 2482 1947 2542 mutuo
2007 2481 2359 2543 seruaturos
2405 2494 2537 2541 esse
2585 2493 2727 2538 con-

475 2583 695 2647 fidunt.
770 2584 976 2646 totum
1032 2582 1314 2663 denique,
1373 2586 1446 2645 ut
1491 2580 1636 2660 dixi,
1697 2581 1862 2646 inter
1906 2580 2179 2645 homines
2226 2580 2448 2662 spebus
2498 2579 2725 2662 agitur.

476 2688 644 2751 solus
701 2686 850 2750 deus
909 2688 1006 2750 est
1050 2685 1125 2749 de
1170 2703 1289 2765 quo
1348 2685 1741 2766 desperatur:
1811 2703 2073 2766 cumque
2136 2685 2445 2748 elementa
2487 2683 2623 2763 ipsa
2668 2683 2729 2745 et

474 2793 762 2852 naturam
830 2789 1050 2853 mundi
1117 2790 1402 2853 dominus
1461 2793 1666 2853 noster
1722 2788 1968 2852 fidelem
2025 2787 2263 2871 fecerit,
2320 2787 2417 2851 illi
2479 2786 2729 2851 tantum

474 2909 663 2973 prope
708 2893 784 2956 ab
830 2892 1112 2957 omnibus
1160 2909 1280 2955 non
1329 2892 1625 2972 ereditur,
1673 2891 1778 2972 qui
1825 2890 1990 2955 solus
2034 2890 2186 2956 fecit
2217 2894 2287 2953 ut
2316 2889 2499 2953 rebus
2531 2889 2729 2955 omni-

406 3028 457 3067 25
473 2995 592 3058 bus
638 2997 1004 3059 crederetur.

559 3115 738 3179 XIII.
802 3114 918 3180 Sed
964 3117 1086 3181 dici
1117 3115 1276 3180 forte
1309 3117 1426 3180 hoc
1455 3116 1589 3181 loco
1622 3116 1837 3200 possit,
1887 3116 2049 3198 quod
2085 3114 2271 3179 rebus
2310 3114 2439 3178 suis
2471 3118 2729 3179 utantur
2747 3117 2832 3183 60

476 3218 759 3284 homines
807 3236 928 3282 non
975 3237 1106 3283 esse
1150 3219 1542 3283 infidelitatis
1586 3218 1901 3283 interdum
1935 3221 2043 3283 sed
2075 3216 2484 3299 necessitatis„
2532 3235 2728 3298 neque

475 3321 587 3385 deo
649 3339 770 3385 non
839 3322 1089 3386 credere
1156 3320 1479 3403 religiosos
1541 3322 1648 3385 sed
1713 3322 1883 3387 uitae
1945 3324 2130 3404 atque
2193 3321 2334 3385 usui
2387 3319 2731 3384 necessaria

476 3442 820 3501 reseruare3
868 3425 1100 3488 multos
1147 3426 1310 3488 enim
1355 3426 1720 3489 sanctorum
1766 3426 2093 3490 hominum
2126 3444 2161 3489 a
2191 3443 2437 3489 summa
2481 3423 2731 3504 dispen-

406 3528 805 3598 sosandarum
854 3545 1041 3607 opum
1089 3528 1466 3609 perfectione
1513 3530 1622 3592 aut
1668 3547 1816 3591 sexu
1862 3545 2327 3609 nonnumquam
2372 3529 2481 3591 aut
2526 3527 2728 3590 aetate

477 3632 588 3695 aut
633 3630 770 3711 ipsa
813 3631 1170 3695 infirmioris
1203 3630 1548 3711 corpusculi
1580 3631 1996 3696 inbecillitate
2043 3629 2376 3712 prohiberi.
2441 3630 2570 3693 esto
2613 3628 2730 3692 hoc
2747 3631 2822 3696 61

578 3919 610 3971 2
664 3919 801 3988 agit]
849 3919 931 3974 ait
975 3934 1016 3973 8.
1053 3935 1154 3973 scr.
1193 3936 1261 3972 m.
1299 3922 1340 3973 2
1375 3920 1452 3987 ᾇτ’
1499 3921 1554 3973 Β
1758 3922 1793 3973 5
1846 3919 1932 3972 1111
1981 3934 2036 3971 88
2072 3917 2248 3988 rebus]
2296 3918 2409 3972 illis
2444 3917 2727 3972 heredibus

476 4005 531 4057 B
739 4006 805 4058 12
846 4005 1070 4068 credim3
1117 4010 1168 4059 et
1215 4006 1494 4074 recipiam3
1542 4006 1721 4060 adscr.
1769 4007 1834 4059 in
1877 4006 1973 4073 fin.
2021 4005 2055 4058 9
2092 4008 2183 4070 (=
2208 4006 2293 4072 us)
2340 4020 2407 4058 m.
2444 4021 2549 4060 rec.
2585 4006 2640 4059 A
2676 4009 2728 4057 et

476 4092 699 4160 saepius
709 4112 730 4159 ;
765 4090 866 4156 cfr.
903 4090 978 4145 ad
1012 4090 1123 4145 111
1148 4095 1215 4144 17
1423 4093 1488 4146 13
1524 4092 1680 4146 uineo
1716 4108 1756 4145 s.
1794 4107 1825 4145 o
1860 4106 1959 4147 scr.
1995 4107 2063 4146 m.
2099 4095 2135 4145 2
2169 4093 2216 4144 is
2252 4092 2306 4144 A
2515 4091 2580 4145 15
2615 4108 2725 4159 spe·

475 4181 660 4246 rantes
707 4194 789 4246 se,
843 4178 1185 4231 cumulandos
1221 4178 1335 4242 (sic)
1385 4194 1454 4231 m.
1492 4182 1525 4230 1
1571 4178 1683 4231 AB
1701 4178 1775 4243 (b)
1978 4177 2047 4230 22
2100 4193 2325 4245 cumque
2371 4180 2566 4230 natura
2613 4177 2729 4244 ipsa

480 4265 534 4316 et
570 4263 828 4317 elementa
864 4264 1006 4329 B(b)
1213 4263 1282 4316 24
1319 4280 1418 4316 11011
1457 4262 2035 4319 creditur—omnibus
2073 4279 2172 4319 om.
2208 4264 2263 4317 B
