<?xml version="1.0" encoding="UTF-8"?>
<!DOCTYPE html PUBLIC "-//W3C//DTD XHTML 1.0 Transitional//EN"
    "http://www.w3.org/TR/xhtml1/DTD/xhtml1-transitional.dtd">
<html xmlns="http://www.w3.org/1999/xhtml" xml:lang="en" lang="en">
 <head>
  <title>
</title>
<meta http-equiv="Content-Type" content="text/html;charset=utf-8" />
  <meta name='ocr-system' content='tesseract 3.04.00' />
  <meta name='ocr-capabilities' content='ocr_page ocr_carea ocr_par ocr_line ocrx_word'/>
</head>
<body>
  <div class='ocr_page' id='page_1' title='image "./operaomnia07paulgoog/operaomnia07paulgoog_0281.png"; bbox 0 0 3380 4919; ppageno 0'>
   <div class='ocr_carea' id='block_1_1' title="bbox 1205 333 2770 399">
    <p class='ocr_par' dir='ltr' id='par_1_1' title="bbox 1205 333 2770 399">
     <span class='ocr_line' id='line_1_1' title="bbox 1205 333 2770 399; baseline 0.008 -13"><span class='ocrx_word' id='word_1_1' title='bbox 1205 333 1282 386; x_wconf 84' lang='lat' dir='ltr'>ad</span> <span class='ocrx_word' id='word_1_2' title='bbox 1321 333 1674 387; x_wconf 83' lang='lat' dir='ltr'>ecclesiam</span> <span class='ocrx_word' id='word_1_3' title='bbox 1722 334 1750 386; x_wconf 97' lang='lat' dir='ltr'>I</span> <span class='ocrx_word' id='word_1_4' title='bbox 1787 338 1815 398; x_wconf 66' lang='grc' dir='ltr'>ξ</span> <span class='ocrx_word' id='word_1_5' title='bbox 1854 334 2076 387; x_wconf 84' lang='lat'><strong>55—61.</strong></span> <span class='ocrx_word' id='word_1_6' title='bbox 2645 335 2770 399; x_wconf 78' lang='lat'>243</span> 
     </span>
    </p>
   </div>
   <div class='ocr_carea' id='block_1_2' title="bbox 467 512 2771 1021">
    <p class='ocr_par' dir='ltr' id='par_1_2' title="bbox 467 512 2771 1021">
     <span class='ocr_line' id='line_1_2' title="bbox 513 512 2769 606; baseline -0.003 -16"><span class='ocrx_word' id='word_1_7' title='bbox 513 544 620 590; x_wconf 84' lang='lat' dir='ltr'>nes</span> <span class='ocrx_word' id='word_1_8' title='bbox 696 512 994 590; x_wconf 86' lang='lat' dir='ltr'>barbaras</span> <span class='ocrx_word' id='word_1_9' title='bbox 1052 521 1484 606; x_wconf 76' lang='lat' dir='ltr'>indigentibus</span> <span class='ocrx_word' id='word_1_10' title='bbox 1540 523 1718 605; x_wconf 85' lang='lat' dir='ltr'>quasi</span> <span class='ocrx_word' id='word_1_11' title='bbox 1775 539 2059 587; x_wconf 86' lang='lat' dir='ltr'><strong>nummos</strong></span> <span class='ocrx_word' id='word_1_12' title='bbox 2117 522 2261 586; x_wconf 86' lang='lat' dir='ltr'>dare</span> <span class='ocrx_word' id='word_1_13' title='bbox 2318 526 2427 587; x_wconf 84' lang='lat' dir='ltr'>aut</span> <span class='ocrx_word' id='word_1_14' title='bbox 2492 522 2558 586; x_wconf 91' lang='lat' dir='ltr'>in</span> <span class='ocrx_word' id='word_1_15' title='bbox 2616 541 2769 604; x_wconf 88' lang='lat' dir='ltr'>pau-</span> 
     </span>
     <span class='ocr_line' id='line_1_3' title="bbox 511 625 2771 713; baseline -0.002 -21"><span class='ocrx_word' id='word_1_16' title='bbox 511 647 731 713; x_wconf 87' lang='lat' dir='ltr'>perum</span> <span class='ocrx_word' id='word_1_17' title='bbox 790 627 983 710; x_wconf 81' lang='lat' dir='ltr'>stipes</span> <span class='ocrx_word' id='word_1_18' title='bbox 1041 627 1268 693; x_wconf 88' lang='lat' dir='ltr'>diffusa</span> <span class='ocrx_word' id='word_1_19' title='bbox 1314 626 1492 709; x_wconf 89' lang='lat' dir='ltr'>longe</span> <span class='ocrx_word' id='word_1_20' title='bbox 1540 644 1611 690; x_wconf 89' lang='lat' dir='ltr'>ac</span> <span class='ocrx_word' id='word_1_21' title='bbox 1655 626 1786 691; x_wconf 78' lang='lat' dir='ltr'>late</span> <span class='ocrx_word' id='word_1_22' title='bbox 1833 643 2023 709; x_wconf 90' lang='lat' dir='ltr'>regna</span> <span class='ocrx_word' id='word_1_23' title='bbox 2066 627 2440 690; x_wconf 85' lang='lat' dir='ltr'>conuertere.</span> <span class='ocrx_word' id='word_1_24' title='bbox 2519 629 2580 687; x_wconf 90' lang='lat' dir='ltr'>et</span> <span class='ocrx_word' id='word_1_25' title='bbox 2635 625 2771 688; x_wconf 90' lang='lat' dir='ltr'>ideo</span> 
     </span>
     <span class='ocr_line' id='line_1_4' title="bbox 511 718 2768 814; baseline -0.002 -18"><span class='ocrx_word' id='word_1_26' title='bbox 511 718 1206 814; x_wconf 83' lang='lat' dir='ltr'>propheta‘peccata&#39;</span> <span class='ocrx_word' id='word_1_27' title='bbox 1236 730 1443 811; x_wconf 90' lang='lat' dir='ltr'>inquit</span> <span class='ocrx_word' id='word_1_28' title='bbox 1486 720 1644 793; x_wconf 87' lang='lat' dir='ltr'>‘tua</span> <span class='ocrx_word' id='word_1_29' title='bbox 1687 729 1767 792; x_wconf 91' lang='lat' dir='ltr'>in</span> <span class='ocrx_word' id='word_1_30' title='bbox 1814 729 2388 793; x_wconf 82' lang='lat' dir='ltr'>misericordiis</span> <span class='ocrx_word' id='word_1_31' title='bbox 2434 723 2768 805; x_wconf 56' lang='lat' dir='ltr'>redime,</span> 
     </span>
     <span class='ocr_line' id='line_1_5' title="bbox 511 829 2770 916; baseline -0.001 -17"><span class='ocrx_word' id='word_1_32' title='bbox 511 836 627 899; x_wconf 89' lang='lat' dir='ltr'>hoc</span> <span class='ocrx_word' id='word_1_33' title='bbox 674 834 1073 899; x_wconf 40' lang='lat' dir='ltr'>ests-aurum</span> <span class='ocrx_word' id='word_1_34' title='bbox 1118 834 1197 897; x_wconf 87' lang='lat' dir='ltr'>da</span> <span class='ocrx_word' id='word_1_35' title='bbox 1239 833 1679 916; x_wconf 75' lang='lat' dir='ltr'>indigentibus,</span> <span class='ocrx_word' id='word_1_36' title='bbox 1729 833 1874 915; x_wconf 89' lang='lat' dir='ltr'>quia</span> <span class='ocrx_word' id='word_1_37' title='bbox 1919 852 2041 897; x_wconf 90' lang='lat' dir='ltr'>non</span> <span class='ocrx_word' id='word_1_38' title='bbox 2084 836 2259 914; x_wconf 85' lang='lat' dir='ltr'>potes</span> <span class='ocrx_word' id='word_1_39' title='bbox 2288 850 2548 916; x_wconf 87' lang='lat' dir='ltr'>regnum</span> <span class='ocrx_word' id='word_1_40' title='bbox 2583 829 2770 897; x_wconf 74' lang='lat' dir='ltr'>daret</span> 
     </span>
     <span class='ocr_line' id='line_1_6' title="bbox 467 936 2767 1021; baseline 0 -24"><span class='ocrx_word' id='word_1_41' title='bbox 467 937 878 1003; x_wconf 73' lang='lat' dir='ltr'>sfacultatem</span> <span class='ocrx_word' id='word_1_42' title='bbox 926 937 1252 1017; x_wconf 88' lang='lat' dir='ltr'>distribue,</span> <span class='ocrx_word' id='word_1_43' title='bbox 1300 936 1447 1018; x_wconf 88' lang='lat' dir='ltr'>quia</span> <span class='ocrx_word' id='word_1_44' title='bbox 1489 939 1867 1021; x_wconf 84' lang='lat' dir='ltr'>potestatem</span> <span class='ocrx_word' id='word_1_45' title='bbox 1914 956 2038 1002; x_wconf 89' lang='lat' dir='ltr'>non</span> <span class='ocrx_word' id='word_1_46' title='bbox 2069 939 2239 1002; x_wconf 88' lang='lat' dir='ltr'>uales</span> <span class='ocrx_word' id='word_1_47' title='bbox 2285 952 2646 1018; x_wconf 87' lang='lat' dir='ltr'>prorogare:</span> <span class='ocrx_word' id='word_1_48' title='bbox 2694 951 2767 999; x_wconf 90' lang='lat' dir='ltr'>ac</span> 
     </span>
    </p>
   </div>
   <div class='ocr_carea' id='block_1_3' title="bbox 510 1038 2830 1226">
    <p class='ocr_par' dir='ltr' id='par_1_3' title="bbox 510 1038 2830 1226">
     <span class='ocr_line' id='line_1_7' title="bbox 511 1038 2830 1122; baseline -0.002 -18"><span class='ocrx_word' id='word_1_49' title='bbox 511 1060 619 1122; x_wconf 90' lang='lat' dir='ltr'>per</span> <span class='ocrx_word' id='word_1_50' title='bbox 677 1041 790 1104; x_wconf 89' lang='lat' dir='ltr'>hoc</span> <span class='ocrx_word' id='word_1_51' title='bbox 840 1040 1107 1105; x_wconf 58' lang='lat' dir='ltr'>‘uidetur</span> <span class='ocrx_word' id='word_1_52' title='bbox 1164 1041 1437 1117; x_wconf 86' lang='lat' dir='ltr'>iussisse,</span> <span class='ocrx_word' id='word_1_53' title='bbox 1505 1040 1579 1103; x_wconf 88' lang='lat' dir='ltr'>ut</span> <span class='ocrx_word' id='word_1_54' title='bbox 1638 1043 1844 1106; x_wconf 88' lang='lat' dir='ltr'>totum</span> <span class='ocrx_word' id='word_1_55' title='bbox 1903 1043 2102 1118; x_wconf 86' lang='lat' dir='ltr'>daret,</span> <span class='ocrx_word' id='word_1_56' title='bbox 2171 1059 2355 1122; x_wconf 91' lang='lat' dir='ltr'>quem</span> <span class='ocrx_word' id='word_1_57' title='bbox 2401 1038 2517 1104; x_wconf 88' lang='lat' dir='ltr'>hoc</span> <span class='ocrx_word' id='word_1_58' title='bbox 2562 1038 2768 1101; x_wconf 89' lang='lat' dir='ltr'>solum</span> <span class='ocrx_word' id='word_1_59' title='bbox 2823 1074 2830 1077; x_wconf 21' lang='grc' dir='ltr'>Λ</span> 
     </span>
     <span class='ocr_line' id='line_1_8' title="bbox 510 1143 2288 1226; baseline -0.002 -18"><span class='ocrx_word' id='word_1_60' title='bbox 510 1163 630 1210; x_wconf 90' lang='lat' dir='ltr'>non</span> <span class='ocrx_word' id='word_1_61' title='bbox 675 1144 862 1209; x_wconf 91' lang='lat' dir='ltr'>iussit</span> <span class='ocrx_word' id='word_1_62' title='bbox 907 1143 1300 1225; x_wconf 70' lang='lat' dir='ltr'>distribuere,</span> <span class='ocrx_word' id='word_1_63' title='bbox 1349 1144 1511 1225; x_wconf 91' lang='lat' dir='ltr'>quod</span> <span class='ocrx_word' id='word_1_64' title='bbox 1558 1161 1680 1209; x_wconf 88' lang='lat' dir='ltr'>non</span> <span class='ocrx_word' id='word_1_65' title='bbox 1727 1147 1971 1225; x_wconf 86' lang='lat' dir='ltr'>poterat</span> <span class='ocrx_word' id='word_1_66' title='bbox 2017 1160 2288 1226; x_wconf 88' lang='lat' dir='ltr'>erogare.</span> 
     </span>
    </p>
   </div>
   <div class='ocr_carea' id='block_1_4' title="bbox 443 1262 2876 3618">
    <p class='ocr_par' dir='ltr' id='par_1_4' title="bbox 443 1262 2874 2172">
     <span class='ocr_line' id='line_1_9' title="bbox 594 1262 2874 1347; baseline -0.002 -18"><span class='ocrx_word' id='word_1_67' title='bbox 594 1263 740 1329; x_wconf 89' lang='lat' dir='ltr'><strong>XII.</strong></span> <span class='ocrx_word' id='word_1_68' title='bbox 803 1265 1268 1347; x_wconf 84' lang='lat' dir='ltr'>Exaggeramus</span> <span class='ocrx_word' id='word_1_69' title='bbox 1298 1264 1471 1328; x_wconf 79' lang='lat' dir='ltr'>‘forte</span> <span class='ocrx_word' id='word_1_70' title='bbox 1502 1283 1635 1327; x_wconf 87' lang='lat' dir='ltr'>rem</span> <span class='ocrx_word' id='word_1_71' title='bbox 1667 1263 1874 1329; x_wconf 88' lang='lat' dir='ltr'>uerbis</span> <span class='ocrx_word' id='word_1_72' title='bbox 1908 1267 1969 1328; x_wconf 90' lang='lat' dir='ltr'>et</span> <span class='ocrx_word' id='word_1_73' title='bbox 2001 1264 2191 1330; x_wconf 90' lang='lat' dir='ltr'>nimis</span> <span class='ocrx_word' id='word_1_74' title='bbox 2224 1263 2347 1327; x_wconf 87' lang='lat' dir='ltr'>alte</span> <span class='ocrx_word' id='word_1_75' title='bbox 2380 1262 2767 1326; x_wconf 87' lang='lat' dir='ltr'>attollimus:</span> <span class='ocrx_word' id='word_1_76' title='bbox 2790 1268 2874 1332; x_wconf 85' lang='lat'>59</span> 
     </span>
     <span class='ocr_line' id='line_1_10' title="bbox 508 1364 2769 1449; baseline -0.002 -18"><span class='ocrx_word' id='word_1_77' title='bbox 508 1366 835 1432; x_wconf 85' lang='lat' dir='ltr'>uideamus</span> <span class='ocrx_word' id='word_1_78' title='bbox 882 1385 1024 1449; x_wconf 91' lang='lat' dir='ltr'>ergo</span> <span class='ocrx_word' id='word_1_79' title='bbox 1068 1367 1133 1432; x_wconf 92' lang='lat' dir='ltr'>id</span> <span class='ocrx_word' id='word_1_80' title='bbox 1180 1368 1382 1449; x_wconf 90' lang='lat' dir='ltr'>ipsum</span> <span class='ocrx_word' id='word_1_81' title='bbox 1431 1365 1611 1449; x_wconf 86' lang='lat' dir='ltr'>quale</span> <span class='ocrx_word' id='word_1_82' title='bbox 1660 1367 1762 1431; x_wconf 90' lang='lat' dir='ltr'>sit.</span> <span class='ocrx_word' id='word_1_83' title='bbox 1825 1370 2180 1449; x_wconf 87' lang='lat' dir='ltr'>peccata,</span> <span class='ocrx_word' id='word_1_84' title='bbox 2227 1367 2464 1447; x_wconf 89' lang='lat' dir='ltr'>inquit,</span> <span class='ocrx_word' id='word_1_85' title='bbox 2512 1366 2646 1429; x_wconf 92' lang='lat' dir='ltr'>tua</span> <span class='ocrx_word' id='word_1_86' title='bbox 2690 1364 2769 1427; x_wconf 90' lang='lat' dir='ltr'>in</span> 
     </span>
     <span class='ocr_line' id='line_1_11' title="bbox 443 1468 2767 1551; baseline -0 -20"><span class='ocrx_word' id='word_1_87' title='bbox 443 1494 492 1532; x_wconf 82' lang='grc' dir='ltr'>ιο</span> <span class='ocrx_word' id='word_1_88' title='bbox 511 1469 1088 1534; x_wconf 87' lang='lat' dir='ltr'>misericordiis</span> <span class='ocrx_word' id='word_1_89' title='bbox 1135 1468 1446 1545; x_wconf 86' lang='lat' dir='ltr'>redime.</span> <span class='ocrx_word' id='word_1_90' title='bbox 1524 1468 1671 1551; x_wconf 88' lang='lat' dir='ltr'>quid</span> <span class='ocrx_word' id='word_1_91' title='bbox 1719 1469 1813 1533; x_wconf 86' lang='lat' dir='ltr'>est</span> <span class='ocrx_word' id='word_1_92' title='bbox 1860 1469 2071 1551; x_wconf 89' lang='lat' dir='ltr'>aliqua</span> <span class='ocrx_word' id='word_1_93' title='bbox 2116 1469 2465 1532; x_wconf 79' lang='lat' dir='ltr'>redimere?</span> <span class='ocrx_word' id='word_1_94' title='bbox 2532 1471 2767 1549; x_wconf 87' lang='lat' dir='ltr'>opinor,</span> 
     </span>
     <span class='ocr_line' id='line_1_12' title="bbox 510 1571 2766 1655; baseline 0 -21"><span class='ocrx_word' id='word_1_95' title='bbox 510 1573 783 1654; x_wconf 88' lang='lat' dir='ltr'>pretium</span> <span class='ocrx_word' id='word_1_96' title='bbox 830 1592 1034 1636; x_wconf 89' lang='lat' dir='ltr'>rerum</span> <span class='ocrx_word' id='word_1_97' title='bbox 1079 1591 1234 1655; x_wconf 90' lang='lat' dir='ltr'>quae</span> <span class='ocrx_word' id='word_1_98' title='bbox 1281 1572 1677 1636; x_wconf 86' lang='lat' dir='ltr'>redimuntur</span> <span class='ocrx_word' id='word_1_99' title='bbox 1725 1573 1888 1636; x_wconf 90' lang='lat' dir='ltr'>dare.</span> <span class='ocrx_word' id='word_1_100' title='bbox 1954 1590 2076 1635; x_wconf 90' lang='lat' dir='ltr'>non</span> <span class='ocrx_word' id='word_1_101' title='bbox 2122 1589 2346 1653; x_wconf 88' lang='lat' dir='ltr'>quaero</span> <span class='ocrx_word' id='word_1_102' title='bbox 2392 1588 2548 1652; x_wconf 89' lang='lat' dir='ltr'>quae</span> <span class='ocrx_word' id='word_1_103' title='bbox 2595 1571 2766 1635; x_wconf 89' lang='lat' dir='ltr'>illius</span> 
     </span>
     <span class='ocr_line' id='line_1_13' title="bbox 511 1673 2764 1759; baseline 0 -21"><span class='ocrx_word' id='word_1_104' title='bbox 511 1675 674 1759; x_wconf 88' lang='lat' dir='ltr'>regis</span> <span class='ocrx_word' id='word_1_105' title='bbox 720 1678 975 1756; x_wconf 85' lang='lat' dir='ltr'>peccata</span> <span class='ocrx_word' id='word_1_106' title='bbox 1018 1676 1286 1741; x_wconf 87' lang='lat' dir='ltr'>fuerint:</span> <span class='ocrx_word' id='word_1_107' title='bbox 1331 1679 1466 1758; x_wconf 90' lang='lat' dir='ltr'>ipse</span> <span class='ocrx_word' id='word_1_108' title='bbox 1511 1677 1670 1740; x_wconf 89' lang='lat' dir='ltr'>sciat</span> <span class='ocrx_word' id='word_1_109' title='bbox 1702 1676 1921 1757; x_wconf 89' lang='lat' dir='ltr'>quanti</span> <span class='ocrx_word' id='word_1_110' title='bbox 1953 1675 2238 1739; x_wconf 76' lang='lat' dir='ltr'>debuerit</span> <span class='ocrx_word' id='word_1_111' title='bbox 2273 1673 2574 1739; x_wconf 88' lang='lat' dir='ltr'>redimere</span> <span class='ocrx_word' id='word_1_112' title='bbox 2606 1693 2764 1756; x_wconf 89' lang='lat' dir='ltr'>quae</span> 
     </span>
     <span class='ocr_line' id='line_1_14' title="bbox 512 1775 2771 1862; baseline 0 -21"><span class='ocrx_word' id='word_1_113' title='bbox 512 1778 676 1843; x_wconf 90' lang='lat' dir='ltr'>fecit.</span> <span class='ocrx_word' id='word_1_114' title='bbox 752 1784 815 1843; x_wconf 85' lang='lat' dir='ltr'>te</span> <span class='ocrx_word' id='word_1_115' title='bbox 872 1779 1188 1862; x_wconf 90' lang='lat' dir='ltr'>adloquor,</span> <span class='ocrx_word' id='word_1_116' title='bbox 1249 1781 1422 1844; x_wconf 90' lang='lat' dir='ltr'>cuius</span> <span class='ocrx_word' id='word_1_117' title='bbox 1468 1797 1658 1843; x_wconf 89' lang='lat' dir='ltr'>causa</span> <span class='ocrx_word' id='word_1_118' title='bbox 1704 1781 1817 1859; x_wconf 88' lang='lat' dir='ltr'>est,</span> <span class='ocrx_word' id='word_1_119' title='bbox 1884 1781 1947 1842; x_wconf 89' lang='lat' dir='ltr'>te</span> <span class='ocrx_word' id='word_1_120' title='bbox 1997 1778 2277 1860; x_wconf 84' lang='lat' dir='ltr'>appelle,</span> <span class='ocrx_word' id='word_1_121' title='bbox 2325 1778 2498 1841; x_wconf 91' lang='lat' dir='ltr'>cuius</span> <span class='ocrx_word' id='word_1_122' title='bbox 2546 1775 2771 1842; x_wconf 88' lang='lat' dir='ltr'>discri-</span> 
     </span>
     <span class='ocr_line' id='line_1_15' title="bbox 510 1879 2772 1966; baseline -0 -21"><span class='ocrx_word' id='word_1_123' title='bbox 510 1901 655 1945; x_wconf 89' lang='lat' dir='ltr'>men</span> <span class='ocrx_word' id='word_1_124' title='bbox 712 1882 941 1966; x_wconf 88' lang='lat' dir='ltr'>agitur.</span> <span class='ocrx_word' id='word_1_125' title='bbox 990 1884 1141 1947; x_wconf 71' lang='lat' dir='ltr'>&#39;hoc‘</span> <span class='ocrx_word' id='word_1_126' title='bbox 1175 1883 1383 1961; x_wconf 76' lang='lat' dir='ltr'>facito,</span> <span class='ocrx_word' id='word_1_127' title='bbox 1444 1883 1603 1965; x_wconf 89' lang='lat' dir='ltr'>quod</span> <span class='ocrx_word' id='word_1_128' title='bbox 1662 1881 1967 1964; x_wconf 90' lang='lat' dir='ltr'>propheta</span> <span class='ocrx_word' id='word_1_129' title='bbox 2012 1879 2203 1945; x_wconf 84' lang='lat' dir='ltr'>dixit:</span> <span class='ocrx_word' id='word_1_130' title='bbox 2266 1883 2593 1964; x_wconf 87' lang='lat' dir='ltr'>peccata</span> <span class='ocrx_word' id='word_1_131' title='bbox 2637 1882 2772 1945; x_wconf 87' lang='lat' dir='ltr'>tua</span> 
     </span>
     <span class='ocr_line' id='line_1_16' title="bbox 444 1983 2771 2065; baseline -0 -18"><span class='ocrx_word' id='word_1_132' title='bbox 444 1985 590 2048; x_wconf 81' lang='lat' dir='ltr'>15in</span> <span class='ocrx_word' id='word_1_133' title='bbox 661 1986 1244 2052; x_wconf 85' lang='lat' dir='ltr'>misericordiis</span> <span class='ocrx_word' id='word_1_134' title='bbox 1310 1987 1626 2050; x_wconf 89' lang='lat' dir='ltr'>redime.</span> <span class='ocrx_word' id='word_1_135' title='bbox 1680 1985 1855 2050; x_wconf 90' lang='lat' dir='ltr'>·noli</span> <span class='ocrx_word' id='word_1_136' title='bbox 1921 1988 2171 2050; x_wconf 89' lang='lat' dir='ltr'>tantum</span> <span class='ocrx_word' id='word_1_137' title='bbox 2242 1983 2355 2048; x_wconf 91' lang='lat' dir='ltr'>deo</span> <span class='ocrx_word' id='word_1_138' title='bbox 2426 1985 2771 2065; x_wconf 89' lang='lat' dir='ltr'>relinquere</span> 
     </span>
     <span class='ocr_line' id='line_1_17' title="bbox 513 2087 2768 2172; baseline -0.001 -19"><span class='ocrx_word' id='word_1_139' title='bbox 513 2091 818 2171; x_wconf 88' lang='lat' dir='ltr'>quantum</span> <span class='ocrx_word' id='word_1_140' title='bbox 876 2089 1084 2167; x_wconf 87' lang='lat' dir='ltr'>habes,</span> <span class='ocrx_word' id='word_1_141' title='bbox 1150 2091 1203 2153; x_wconf 90' lang='lat' dir='ltr'>si</span> <span class='ocrx_word' id='word_1_142' title='bbox 1255 2106 1365 2172; x_wconf 89' lang='lat' dir='ltr'>pro</span> <span class='ocrx_word' id='word_1_143' title='bbox 1426 2089 1701 2169; x_wconf 89' lang='lat' dir='ltr'>peccatis</span> <span class='ocrx_word' id='word_1_144' title='bbox 1762 2087 1889 2151; x_wconf 89' lang='lat' dir='ltr'>tuis</span> <span class='ocrx_word' id='word_1_145' title='bbox 1952 2089 2368 2152; x_wconf 90' lang='lat' dir='ltr'>necessarium</span> <span class='ocrx_word' id='word_1_146' title='bbox 2415 2105 2538 2150; x_wconf 87' lang='lat' dir='ltr'>non</span> <span class='ocrx_word' id='word_1_147' title='bbox 2585 2090 2768 2167; x_wconf 83' lang='lat' dir='ltr'>putas</span> 
     </span>
    </p>

    <p class='ocr_par' dir='ltr' id='par_1_5' title="bbox 447 2188 2876 3101">
     <span class='ocr_line' id='line_1_18' title="bbox 512 2188 2876 2275; baseline 0 -19"><span class='ocrx_word' id='word_1_148' title='bbox 512 2195 818 2275; x_wconf 85' lang='lat' dir='ltr'>quantum.</span> <span class='ocrx_word' id='word_1_149' title='bbox 862 2192 1070 2259; x_wconf 82' lang='lat' dir='ltr'>habes,</span> <span class='ocrx_word' id='word_1_150' title='bbox 1147 2195 1410 2257; x_wconf 89' lang='lat' dir='ltr'>aestima</span> <span class='ocrx_word' id='word_1_151' title='bbox 1456 2190 1939 2274; x_wconf 87' lang='lat' dir='ltr'>diligentissime</span> <span class='ocrx_word' id='word_1_152' title='bbox 1985 2192 2199 2271; x_wconf 86' lang='lat' dir='ltr'>culpas</span> <span class='ocrx_word' id='word_1_153' title='bbox 2248 2208 2396 2271; x_wconf 87' lang='lat' dir='ltr'>quas</span> <span class='ocrx_word' id='word_1_154' title='bbox 2438 2188 2876 2265; x_wconf 86' lang='lat' dir='ltr'>admisisti,60</span> 
     </span>
     <span class='ocr_line' id='line_1_19' title="bbox 514 2291 2766 2375; baseline -0.001 -16"><span class='ocrx_word' id='word_1_155' title='bbox 514 2297 779 2360; x_wconf 91' lang='lat' dir='ltr'>aestima</span> <span class='ocrx_word' id='word_1_156' title='bbox 847 2299 1240 2375; x_wconf 88' lang='lat' dir='ltr'>peccatorum</span> <span class='ocrx_word' id='word_1_157' title='bbox 1311 2294 1747 2358; x_wconf 87' lang='lat' dir='ltr'>diuersitates:</span> <span class='ocrx_word' id='word_1_158' title='bbox 1821 2293 1962 2356; x_wconf 89' lang='lat' dir='ltr'>uide</span> <span class='ocrx_word' id='word_1_159' title='bbox 2031 2291 2178 2373; x_wconf 91' lang='lat' dir='ltr'>quid</span> <span class='ocrx_word' id='word_1_160' title='bbox 2245 2310 2355 2374; x_wconf 91' lang='lat' dir='ltr'>pro</span> <span class='ocrx_word' id='word_1_161' title='bbox 2423 2291 2766 2356; x_wconf 83' lang='lat' dir='ltr'>mendaciis</span> 
     </span>
     <span class='ocr_line' id='line_1_20' title="bbox 515 2393 2771 2480; baseline -0.004 -15"><span class='ocrx_word' id='word_1_162' title='bbox 515 2401 735 2465; x_wconf 87' lang='lat' dir='ltr'>debeas</span> <span class='ocrx_word' id='word_1_163' title='bbox 803 2399 947 2480; x_wconf 88' lang='lat' dir='ltr'>quid</span> <span class='ocrx_word' id='word_1_164' title='bbox 1009 2415 1118 2479; x_wconf 89' lang='lat' dir='ltr'>pro</span> <span class='ocrx_word' id='word_1_165' title='bbox 1178 2395 1537 2461; x_wconf 50' lang='lat' dir='ltr'>maledictis*</span> <span class='ocrx_word' id='word_1_166' title='bbox 1590 2398 1775 2477; x_wconf 88' lang='lat' dir='ltr'>atque</span> <span class='ocrx_word' id='word_1_167' title='bbox 1834 2393 2142 2478; x_wconf 83' lang='lat' dir='ltr'>periuriiS,</span> <span class='ocrx_word' id='word_1_168' title='bbox 2213 2393 2360 2476; x_wconf 90' lang='lat' dir='ltr'>quid</span> <span class='ocrx_word' id='word_1_169' title='bbox 2403 2412 2511 2478; x_wconf 91' lang='lat' dir='ltr'>pro</span> <span class='ocrx_word' id='word_1_170' title='bbox 2559 2395 2771 2479; x_wconf 89' lang='lat' dir='ltr'>negle-</span> 
     </span>
     <span class='ocr_line' id='line_1_21' title="bbox 447 2500 2771 2587; baseline -0 -22"><span class='ocrx_word' id='word_1_171' title='bbox 447 2525 498 2565; x_wconf 84' lang='lat'>20</span> <span class='ocrx_word' id='word_1_172' title='bbox 515 2504 747 2587; x_wconf 85' lang='lat' dir='ltr'>gentiis</span> <span class='ocrx_word' id='word_1_173' title='bbox 797 2503 1247 2586; x_wconf 84' lang='lat' dir='ltr'>cogitationum</span> <span class='ocrx_word' id='word_1_174' title='bbox 1295 2501 1444 2583; x_wconf 90' lang='lat' dir='ltr'>quid</span> <span class='ocrx_word' id='word_1_175' title='bbox 1487 2519 1595 2582; x_wconf 92' lang='lat' dir='ltr'>pro</span> <span class='ocrx_word' id='word_1_176' title='bbox 1643 2501 1983 2583; x_wconf 89' lang='lat' dir='ltr'>inpuritate</span> <span class='ocrx_word' id='word_1_177' title='bbox 2029 2516 2405 2579; x_wconf 89' lang='lat' dir='ltr'>sermonum,</span> <span class='ocrx_word' id='word_1_178' title='bbox 2465 2500 2611 2582; x_wconf 89' lang='lat' dir='ltr'>quid</span> <span class='ocrx_word' id='word_1_179' title='bbox 2659 2519 2771 2583; x_wconf 88' lang='lat' dir='ltr'>pro</span> 
     </span>
     <span class='ocr_line' id='line_1_22' title="bbox 517 2597 2768 2687; baseline -0.002 -16"><span class='ocrx_word' id='word_1_180' title='bbox 517 2607 686 2671; x_wconf 91' lang='lat' dir='ltr'>omni</span> <span class='ocrx_word' id='word_1_181' title='bbox 731 2605 994 2687; x_wconf 91' lang='lat' dir='ltr'>denique</span> <span class='ocrx_word' id='word_1_182' title='bbox 1039 2605 1244 2669; x_wconf 88' lang='lat' dir='ltr'>malae</span> <span class='ocrx_word' id='word_1_183' title='bbox 1290 2603 1637 2668; x_wconf 86' lang='lat' dir='ltr'>uoluntatis</span> <span class='ocrx_word' id='word_1_184' title='bbox 1683 2597 1924 2667; x_wconf 86' lang='lat' dir='ltr'>affectu.</span> <span class='ocrx_word' id='word_1_185' title='bbox 2002 2601 2156 2669; x_wconf 88' lang='lat' dir='ltr'>adde</span> <span class='ocrx_word' id='word_1_186' title='bbox 2200 2605 2508 2683; x_wconf 88' lang='lat' dir='ltr'>postremo</span> <span class='ocrx_word' id='word_1_187' title='bbox 2556 2602 2768 2686; x_wconf 91' lang='lat' dir='ltr'>etiam,</span> 
     </span>
     <span class='ocr_line' id='line_1_23' title="bbox 515 2705 2772 2791; baseline 0 -18"><span class='ocrx_word' id='word_1_188' title='bbox 515 2712 565 2774; x_wconf 90' lang='lat' dir='ltr'>si</span> <span class='ocrx_word' id='word_1_189' title='bbox 623 2711 832 2791; x_wconf 90' lang='lat' dir='ltr'>aliqua</span> <span class='ocrx_word' id='word_1_190' title='bbox 891 2710 966 2774; x_wconf 90' lang='lat' dir='ltr'>de</span> <span class='ocrx_word' id='word_1_191' title='bbox 1023 2709 1119 2772; x_wconf 91' lang='lat' dir='ltr'>his</span> <span class='ocrx_word' id='word_1_192' title='bbox 1185 2709 1354 2772; x_wconf 84' lang='lat' dir='ltr'>intra</span> <span class='ocrx_word' id='word_1_193' title='bbox 1420 2706 1860 2771; x_wconf 87' lang='lat' dir='ltr'>conscientiam</span> <span class='ocrx_word' id='word_1_194' title='bbox 1927 2709 2103 2770; x_wconf 87' lang='lat' dir='ltr'>tuam</span> <span class='ocrx_word' id='word_1_195' title='bbox 2169 2707 2335 2784; x_wconf 88' lang='lat' dir='ltr'>sunt,</span> <span class='ocrx_word' id='word_1_196' title='bbox 2406 2706 2482 2770; x_wconf 91' lang='lat' dir='ltr'>de</span> <span class='ocrx_word' id='word_1_197' title='bbox 2549 2705 2772 2789; x_wconf 90' lang='lat' dir='ltr'>quibus</span> 
     </span>
     <span class='ocr_line' id='line_1_24' title="bbox 516 2805 2773 2895; baseline -0.001 -18"><span class='ocrx_word' id='word_1_198' title='bbox 516 2813 826 2895; x_wconf 88' lang='lat' dir='ltr'>apostolus</span> <span class='ocrx_word' id='word_1_199' title='bbox 872 2805 1046 2894; x_wconf 87' lang='lat' dir='ltr'>dicit,</span> <span class='ocrx_word' id='word_1_200' title='bbox 1107 2810 1412 2876; x_wconf 86' lang='lat' dir='ltr'>adulteria</span> <span class='ocrx_word' id='word_1_201' title='bbox 1456 2809 1916 2886; x_wconf 86' lang='lat' dir='ltr'>fornicationes,</span> <span class='ocrx_word' id='word_1_202' title='bbox 1963 2807 2371 2891; x_wconf 89' lang='lat' dir='ltr'>inpudicitiae</span> <span class='ocrx_word' id='word_1_203' title='bbox 2417 2809 2773 2888; x_wconf 77' lang='lat' dir='ltr'>ebrietateS,</span> 
     </span>
     <span class='ocr_line' id='line_1_25' title="bbox 516 2911 2773 2994; baseline -0.001 -14"><span class='ocrx_word' id='word_1_204' title='bbox 516 2915 898 2980; x_wconf 89' lang='lat' dir='ltr'>inmunditia</span> <span class='ocrx_word' id='word_1_205' title='bbox 943 2917 1053 2980; x_wconf 91' lang='lat' dir='ltr'>deo</span> <span class='ocrx_word' id='word_1_206' title='bbox 1099 2932 1281 2978; x_wconf 86' lang='lat' dir='ltr'>exosa</span> <span class='ocrx_word' id='word_1_207' title='bbox 1325 2915 1592 2978; x_wconf 88' lang='lat' dir='ltr'>auaritia</span> <span class='ocrx_word' id='word_1_208' title='bbox 1645 2912 1973 2977; x_wconf 86' lang='lat' dir='ltr'>idolatriae</span> <span class='ocrx_word' id='word_1_209' title='bbox 2018 2911 2271 2990; x_wconf 87' lang='lat' dir='ltr'>famula,</span> <span class='ocrx_word' id='word_1_210' title='bbox 2303 2915 2395 2976; x_wconf 47' lang='lat' dir='ltr'>*et</span> <span class='ocrx_word' id='word_1_211' title='bbox 2439 2915 2575 2994; x_wconf 87' lang='lat' dir='ltr'>post</span> <span class='ocrx_word' id='word_1_212' title='bbox 2624 2913 2773 2978; x_wconf 89' lang='lat' dir='ltr'>haec</span> 
     </span>
     <span class='ocr_line' id='line_1_26' title="bbox 449 3013 2773 3101; baseline 0 -20"><span class='ocrx_word' id='word_1_213' title='bbox 449 3044 499 3083; x_wconf 80' lang='lat'>25</span> <span class='ocrx_word' id='word_1_214' title='bbox 519 3019 728 3101; x_wconf 89' lang='lat' dir='ltr'>aliqua</span> <span class='ocrx_word' id='word_1_215' title='bbox 794 3018 954 3083; x_wconf 85' lang='lat' dir='ltr'>forte</span> <span class='ocrx_word' id='word_1_216' title='bbox 1004 3013 1288 3083; x_wconf 73' lang='lat' dir='ltr'>&#39;crimina</span> <span class='ocrx_word' id='word_1_217' title='bbox 1355 3019 1544 3083; x_wconf 88' lang='lat' dir='ltr'>etiam</span> <span class='ocrx_word' id='word_1_218' title='bbox 1612 3017 1686 3081; x_wconf 93' lang='lat' dir='ltr'>de</span> <span class='ocrx_word' id='word_1_219' title='bbox 1750 3016 2006 3080; x_wconf 90' lang='lat' dir='ltr'>humani</span> <span class='ocrx_word' id='word_1_220' title='bbox 2083 3015 2405 3098; x_wconf 86' lang='lat' dir='ltr'>sanguinis</span> <span class='ocrx_word' id='word_1_221' title='bbox 2463 3016 2773 3082; x_wconf 61' lang='lat' dir='ltr'>‘effusione</span> 
     </span>
    </p>

    <p class='ocr_par' dir='ltr' id='par_1_6' title="bbox 449 3113 2871 3618">
     <span class='ocr_line' id='line_1_27' title="bbox 519 3113 2871 3205; baseline -0.001 -19"><span class='ocrx_word' id='word_1_222' title='bbox 519 3125 850 3187; x_wconf 83' lang='lat' dir='ltr'>contracta.</span> <span class='ocrx_word' id='word_1_223' title='bbox 931 3140 1193 3204; x_wconf 90' lang='lat' dir='ltr'>cumque</span> <span class='ocrx_word' id='word_1_224' title='bbox 1257 3121 1536 3186; x_wconf 90' lang='lat' dir='ltr'>omnium</span> <span class='ocrx_word' id='word_1_225' title='bbox 1595 3113 2026 3202; x_wconf 30' lang='lat' dir='ltr'>sufpputaueris</span> <span class='ocrx_word' id='word_1_226' title='bbox 2086 3117 2434 3205; x_wconf 86' lang='lat' dir='ltr'>numerum,</span> <span class='ocrx_word' id='word_1_227' title='bbox 2497 3121 2769 3203; x_wconf 84' lang='lat' dir='ltr'>expende</span> <span class='ocrx_word' id='word_1_228' title='bbox 2792 3120 2871 3184; x_wconf 88' lang='lat'>61</span> 
     </span>
     <span class='ocr_line' id='line_1_28' title="bbox 518 3210 2772 3307; baseline 0 -19"><span class='ocrx_word' id='word_1_229' title='bbox 518 3226 718 3307; x_wconf 89' lang='lat' dir='ltr'>pretia</span> <span class='ocrx_word' id='word_1_230' title='bbox 772 3225 1177 3307; x_wconf 90' lang='lat' dir='ltr'>singulorum.</span> <span class='ocrx_word' id='word_1_231' title='bbox 1257 3217 1503 3307; x_wconf 79' lang='lat' dir='ltr'>etpost</span> <span class='ocrx_word' id='word_1_232' title='bbox 1558 3210 1711 3287; x_wconf 83' lang='lat' dir='ltr'>haec</span> <span class='ocrx_word' id='word_1_233' title='bbox 1769 3241 1889 3288; x_wconf 91' lang='lat' dir='ltr'>non</span> <span class='ocrx_word' id='word_1_234' title='bbox 1935 3241 2176 3305; x_wconf 83' lang='lat' dir='ltr'>quaere,</span> <span class='ocrx_word' id='word_1_235' title='bbox 2236 3226 2308 3287; x_wconf 88' lang='lat' dir='ltr'>ut</span> <span class='ocrx_word' id='word_1_236' title='bbox 2350 3242 2459 3305; x_wconf 92' lang='lat' dir='ltr'>pro</span> <span class='ocrx_word' id='word_1_237' title='bbox 2507 3225 2772 3305; x_wconf 87' lang='lat' dir='ltr'>peccatis</span> 
     </span>
     <span class='ocr_line' id='line_1_29' title="bbox 516 3323 2772 3420; baseline 0 -30"><span class='ocrx_word' id='word_1_238' title='bbox 516 3328 642 3391; x_wconf 88' lang='lat' dir='ltr'>tuis</span> <span class='ocrx_word' id='word_1_239' title='bbox 702 3329 906 3420; x_wconf 82' lang='lat' dir='ltr'>totum</span> <span class='ocrx_word' id='word_1_240' title='bbox 964 3329 1073 3393; x_wconf 91' lang='lat' dir='ltr'>deo</span> <span class='ocrx_word' id='word_1_241' title='bbox 1132 3323 1346 3393; x_wconf 84' lang='lat' dir='ltr'>tradas</span> <span class='ocrx_word' id='word_1_242' title='bbox 1409 3327 1571 3409; x_wconf 90' lang='lat' dir='ltr'>quod</span> <span class='ocrx_word' id='word_1_243' title='bbox 1634 3326 1861 3392; x_wconf 88' lang='lat' dir='ltr'>habes:</span> <span class='ocrx_word' id='word_1_244' title='bbox 1931 3327 2046 3390; x_wconf 89' lang='lat' dir='ltr'>hoc</span> <span class='ocrx_word' id='word_1_245' title='bbox 2104 3327 2307 3391; x_wconf 90' lang='lat' dir='ltr'>solum</span> <span class='ocrx_word' id='word_1_246' title='bbox 2367 3327 2550 3392; x_wconf 92' lang='lat' dir='ltr'>redde</span> <span class='ocrx_word' id='word_1_247' title='bbox 2605 3327 2772 3408; x_wconf 68' lang='lat' dir='ltr'>&#39;quod</span> 
     </span>
     <span class='ocr_line' id='line_1_30' title="bbox 519 3429 2771 3513; baseline -0.001 -18"><span class='ocrx_word' id='word_1_248' title='bbox 519 3432 721 3497; x_wconf 79' lang='lat' dir='ltr'>debes,</span> <span class='ocrx_word' id='word_1_249' title='bbox 801 3431 955 3497; x_wconf 87' lang='lat' dir='ltr'>addo</span> <span class='ocrx_word' id='word_1_250' title='bbox 1023 3434 1234 3497; x_wconf 91' lang='lat' dir='ltr'>autem</span> <span class='ocrx_word' id='word_1_251' title='bbox 1300 3434 1440 3513; x_wconf 86' lang='lat' dir='ltr'>post</span> <span class='ocrx_word' id='word_1_252' title='bbox 1495 3431 1618 3494; x_wconf 90' lang='lat' dir='ltr'>ista</span> <span class='ocrx_word' id='word_1_253' title='bbox 1676 3431 1903 3509; x_wconf 87' lang='lat' dir='ltr'>omnia,</span> <span class='ocrx_word' id='word_1_254' title='bbox 1972 3431 2134 3511; x_wconf 91' lang='lat' dir='ltr'>quod</span> <span class='ocrx_word' id='word_1_255' title='bbox 2192 3448 2333 3494; x_wconf 93' lang='lat' dir='ltr'>cum</span> <span class='ocrx_word' id='word_1_256' title='bbox 2400 3429 2771 3494; x_wconf 87' lang='lat' dir='ltr'>tractaueris</span> 
     </span>
     <span class='ocr_line' id='line_1_31' title="bbox 449 3532 2762 3618; baseline 0 -21"><span class='ocrx_word' id='word_1_257' title='bbox 449 3558 503 3597; x_wconf 78' lang='lat'>30</span> <span class='ocrx_word' id='word_1_258' title='bbox 520 3534 748 3599; x_wconf 89' lang='lat' dir='ltr'>delicta</span> <span class='ocrx_word' id='word_1_259' title='bbox 793 3539 904 3599; x_wconf 86' lang='lat' dir='ltr'>tua</span> <span class='ocrx_word' id='word_1_260' title='bbox 949 3538 1135 3616; x_wconf 87' lang='lat' dir='ltr'>atque</span> <span class='ocrx_word' id='word_1_261' title='bbox 1181 3534 1508 3617; x_wconf 83' lang='lat' dir='ltr'>taxaueris,</span> <span class='ocrx_word' id='word_1_262' title='bbox 1555 3538 1730 3618; x_wconf 86' lang='lat' dir='ltr'>tanto</span> <span class='ocrx_word' id='word_1_263' title='bbox 1775 3535 1916 3618; x_wconf 83' lang='lat' dir='ltr'>plus</span> <span class='ocrx_word' id='word_1_264' title='bbox 1946 3552 2056 3616; x_wconf 85' lang='lat' dir='ltr'>pro</span> <span class='ocrx_word' id='word_1_265' title='bbox 2103 3534 2284 3598; x_wconf 88' lang='lat' dir='ltr'>malis</span> <span class='ocrx_word' id='word_1_266' title='bbox 2330 3533 2458 3597; x_wconf 80' lang='lat' dir='ltr'>’tuis</span> <span class='ocrx_word' id='word_1_267' title='bbox 2491 3532 2762 3611; x_wconf 79' lang='lat' dir='ltr'>debebiS,</span> 
     </span>
    </p>
   </div>
   <div class='ocr_carea' id='block_1_5' title="bbox 516 3694 2775 3997">
    <p class='ocr_par' dir='ltr' id='par_1_7' title="bbox 516 3694 2775 3997">
     <span class='ocr_line' id='line_1_32' title="bbox 724 3694 1024 3768; baseline -0.007 -19"><span class='ocrx_word' id='word_1_268' title='bbox 724 3694 791 3749; x_wconf 81' lang='lat'>23</span> <span class='ocrx_word' id='word_1_269' title='bbox 837 3694 956 3768; x_wconf 84' lang='lat' dir='ltr'>Gal.</span> <span class='ocrx_word' id='word_1_270' title='bbox 993 3695 1024 3747; x_wconf 89' lang='lat'><strong>5</strong></span> 
     </span>
     <span class='ocr_line' id='line_1_33' title="bbox 580 3815 2775 3911; baseline 0 -16"><span class='ocrx_word' id='word_1_271' title='bbox 580 3815 583 3818; x_wconf 16' lang='grc' dir='ltr'><strong>Δ</strong></span> <span class='ocrx_word' id='word_1_272' title='bbox 620 3844 654 3897; x_wconf 82' lang='grc'>5</span> <span class='ocrx_word' id='word_1_273' title='bbox 689 3841 987 3896; x_wconf 81' lang='lat' dir='ltr'>distribuae</span> <span class='ocrx_word' id='word_1_274' title='bbox 1023 3817 1083 3896; x_wconf 92' lang='grc' dir='ltr'><em>Β</em></span> <span class='ocrx_word' id='word_1_275' title='bbox 1115 3847 1167 3896; x_wconf 80' lang='lat' dir='ltr'>et</span> <span class='ocrx_word' id='word_1_276' title='bbox 1196 3848 1386 3910; x_wconf 75' lang='lat' dir='ltr'>punct.</span> <span class='ocrx_word' id='word_1_277' title='bbox 1427 3857 1458 3895; x_wconf 86' lang='lat' dir='ltr'>a</span> <span class='ocrx_word' id='word_1_278' title='bbox 1491 3841 1546 3895; x_wconf 99' lang='lat' dir='ltr'><strong><em>A</em></strong></span> <span class='ocrx_word' id='word_1_279' title='bbox 1596 3853 1601 3859; x_wconf 85' lang='lat'>·</span> <span class='ocrx_word' id='word_1_280' title='bbox 1717 3856 1998 3910; x_wconf 86' lang='lat' dir='ltr'>prerogare</span> <span class='ocrx_word' id='word_1_281' title='bbox 2035 3857 2101 3895; x_wconf 74' lang='lat' dir='ltr'>em</span> <span class='ocrx_word' id='word_1_282' title='bbox 2136 3856 2423 3911; x_wconf 86' lang='lat' dir='ltr'>prorogare</span> <span class='ocrx_word' id='word_1_283' title='bbox 2463 3856 2603 3895; x_wconf 82' lang='lat' dir='ltr'>corr.</span> <span class='ocrx_word' id='word_1_284' title='bbox 2639 3856 2690 3895; x_wconf 85' lang='lat' dir='ltr'>m</span> <span class='ocrx_word' id='word_1_285' title='bbox 2734 3843 2775 3895; x_wconf 80' lang='lat'><strong><em>2</em></strong></span> 
     </span>
     <span class='ocr_line' id='line_1_34' title="bbox 516 3927 2774 3997; baseline 0 -16"><span class='ocrx_word' id='word_1_286' title='bbox 516 3929 572 3981; x_wconf 89' lang='lat' dir='ltr'><strong><em>A</em></strong></span> <span class='ocrx_word' id='word_1_287' title='bbox 700 3949 705 3953; x_wconf 82' lang='lat'><strong>·</strong></span> <span class='ocrx_word' id='word_1_288' title='bbox 796 3929 830 3982; x_wconf 85' lang='grc'>8</span> <span class='ocrx_word' id='word_1_289' title='bbox 883 3932 1264 3997; x_wconf 67' lang='lat' dir='ltr'>exaggeramus</span> <span class='ocrx_word' id='word_1_290' title='bbox 1317 3929 1372 3981; x_wconf 92' lang='lat' dir='ltr'><em>B</em></span> <span class='ocrx_word' id='word_1_291' title='bbox 1577 3930 1633 3981; x_wconf 85' lang='lat' dir='ltr'>et</span> <span class='ocrx_word' id='word_1_292' title='bbox 1686 3945 1784 3982; x_wconf 86' lang='lat' dir='ltr'>om.</span> <span class='ocrx_word' id='word_1_293' title='bbox 1840 3928 1894 3981; x_wconf 88' lang='grc' dir='ltr'><em>Β</em></span> <span class='ocrx_word' id='word_1_294' title='bbox 2112 3929 2275 3981; x_wconf 90' lang='lat' dir='ltr'>nimis</span> <span class='ocrx_word' id='word_1_295' title='bbox 2334 3928 2445 3981; x_wconf 89' lang='lat' dir='ltr'>alte</span> <span class='ocrx_word' id='word_1_296' title='bbox 2499 3929 2552 3981; x_wconf 87' lang='lat' dir='ltr'><strong><em>A</em></strong></span> <span class='ocrx_word' id='word_1_297' title='bbox 2608 3927 2774 3996; x_wconf 76' lang='lat' dir='ltr'>(quod</span> 
     </span>
    </p>
   </div>
   <div class='ocr_carea' id='block_1_6' title="bbox 517 4012 2780 4337">
    <p class='ocr_par' dir='ltr' id='par_1_8' title="bbox 518 4012 2637 4084">
     <span class='ocr_line' id='line_1_35' title="bbox 518 4012 2637 4084; baseline 0 -17"><span class='ocrx_word' id='word_1_298' title='bbox 518 4012 800 4067; x_wconf 79' lang='lat' dir='ltr'>Halmium</span> <span class='ocrx_word' id='word_1_299' title='bbox 824 4014 1024 4083; x_wconf 60' lang='lat' dir='ltr'>fufio:</span> <span class='ocrx_word' id='word_1_300' title='bbox 1062 4014 1171 4066; x_wconf 84' lang='lat' dir='ltr'>alte</span> <span class='ocrx_word' id='word_1_301' title='bbox 1193 4013 1356 4067; x_wconf 85' lang='lat' dir='ltr'>nimis</span> <span class='ocrx_word' id='word_1_302' title='bbox 1394 4013 1451 4068; x_wconf 87' lang='lat' dir='ltr'><em>B</em></span> <span class='ocrx_word' id='word_1_303' title='bbox 1610 4014 1671 4068; x_wconf 89' lang='lat'>11</span> <span class='ocrx_word' id='word_1_304' title='bbox 1711 4016 1977 4083; x_wconf 88' lang='lat' dir='ltr'>praetium</span> <span class='ocrx_word' id='word_1_305' title='bbox 2012 4015 2068 4068; x_wconf 82' lang='lat' dir='ltr'>A·</span> <span class='ocrx_word' id='word_1_306' title='bbox 2089 4015 2216 4068; x_wconf 82' lang='lat' dir='ltr'>item</span> <span class='ocrx_word' id='word_1_307' title='bbox 2240 4020 2289 4078; x_wconf 72' lang='lat'>§-</span> <span class='ocrx_word' id='word_1_308' title='bbox 2318 4017 2386 4068; x_wconf 91' lang='grc'>61</span> <span class='ocrx_word' id='word_1_309' title='bbox 2427 4013 2637 4084; x_wconf 86' lang='lat' dir='ltr'>praetia</span> 
     </span>
    </p>

    <p class='ocr_par' dir='ltr' id='par_1_9' title="bbox 519 4099 2780 4251">
     <span class='ocr_line' id='line_1_36' title="bbox 521 4099 2780 4169; baseline 0 -16"><span class='ocrx_word' id='word_1_310' title='bbox 521 4099 586 4153; x_wconf 87' lang='lat'>13</span> <span class='ocrx_word' id='word_1_311' title='bbox 623 4099 794 4166; x_wconf 84' lang='lat' dir='ltr'>apello</span> <span class='ocrx_word' id='word_1_312' title='bbox 828 4099 886 4152; x_wconf 77' lang='grc' dir='ltr'>’Β</span> <span class='ocrx_word' id='word_1_313' title='bbox 1085 4100 1146 4155; x_wconf 82' lang='grc'>17</span> <span class='ocrx_word' id='word_1_314' title='bbox 1185 4100 1770 4155; x_wconf 84' lang='lat' dir='ltr'>aestima—admisisti</span> <span class='ocrx_word' id='word_1_315' title='bbox 1804 4116 1872 4153; x_wconf 84' lang='lat' dir='ltr'>m.</span> <span class='ocrx_word' id='word_1_316' title='bbox 1910 4102 1951 4154; x_wconf 75' lang='lat'><em>2</em></span> <span class='ocrx_word' id='word_1_317' title='bbox 1986 4100 2049 4153; x_wconf 78' lang='lat' dir='ltr'>in</span> <span class='ocrx_word' id='word_1_318' title='bbox 2085 4116 2249 4169; x_wconf 75' lang='lat' dir='ltr'>mary.</span> <span class='ocrx_word' id='word_1_319' title='bbox 2290 4100 2344 4153; x_wconf 95' lang='grc' dir='ltr'><em>Β</em></span> <span class='ocrx_word' id='word_1_320' title='bbox 2535 4100 2609 4153; x_wconf 60' lang='grc'>’18</span> <span class='ocrx_word' id='word_1_321' title='bbox 2645 4099 2780 4168; x_wconf 63' lang='grc' dir='ltr'>ᾳαίὀς</span> 
     </span>
     <span class='ocr_line' id='line_1_37' title="bbox 519 4177 2634 4251; baseline 0.001 -14"><span class='ocrx_word' id='word_1_322' title='bbox 519 4199 589 4237; x_wconf 80' lang='lat' dir='ltr'>ex</span> <span class='ocrx_word' id='word_1_323' title='bbox 635 4183 775 4251; x_wconf 88' lang='lat' dir='ltr'>quod</span> <span class='ocrx_word' id='word_1_324' title='bbox 822 4199 963 4239; x_wconf 81' lang='lat' dir='ltr'>corr.</span> <span class='ocrx_word' id='word_1_325' title='bbox 999 4200 1067 4239; x_wconf 85' lang='lat' dir='ltr'>m.</span> <span class='ocrx_word' id='word_1_326' title='bbox 1105 4188 1145 4239; x_wconf 81' lang='lat'><strong><em>2</em></strong></span> <span class='ocrx_word' id='word_1_327' title='bbox 1191 4187 1244 4237; x_wconf 88' lang='lat' dir='ltr'><strong><em>A</em></strong></span> <span class='ocrx_word' id='word_1_328' title='bbox 1451 4186 1517 4239; x_wconf 84' lang='lat'>21</span> <span class='ocrx_word' id='word_1_329' title='bbox 1576 4186 1718 4239; x_wconf 85' lang='lat' dir='ltr'>male</span> <span class='ocrx_word' id='word_1_330' title='bbox 1770 4186 1822 4238; x_wconf 87' lang='lat' dir='ltr'><strong><em>A</em></strong></span> <span class='ocrx_word' id='word_1_331' title='bbox 1887 4177 1891 4182; x_wconf 75' lang='grc'><strong>’</strong></span> <span class='ocrx_word' id='word_1_332' title='bbox 2030 4185 2100 4239; x_wconf 81' lang='lat'>24</span> <span class='ocrx_word' id='word_1_333' title='bbox 2152 4183 2527 4239; x_wconf 76' lang='lat' dir='ltr'>inmundicitia</span> <span class='ocrx_word' id='word_1_334' title='bbox 2580 4186 2634 4239; x_wconf 86' lang='grc' dir='ltr'><em>Β</em></span> 
     </span>
    </p>

    <p class='ocr_par' dir='ltr' id='par_1_10' title="bbox 517 4268 2263 4337">
     <span class='ocr_line' id='line_1_38' title="bbox 517 4268 2263 4337; baseline 0.002 -16"><span class='ocrx_word' id='word_1_335' title='bbox 517 4268 585 4322; x_wconf 82' lang='grc'>27</span> <span class='ocrx_word' id='word_1_336' title='bbox 623 4269 825 4337; x_wconf 84' lang='lat' dir='ltr'>praetia</span> <span class='ocrx_word' id='word_1_337' title='bbox 862 4271 915 4324; x_wconf 91' lang='lat' dir='ltr'><strong><em>A</em></strong></span> <span class='ocrx_word' id='word_1_338' title='bbox 1124 4271 1193 4325; x_wconf 88' lang='lat'>30</span> <span class='ocrx_word' id='word_1_339' title='bbox 1227 4271 1375 4326; x_wconf 88' lang='lat' dir='ltr'>debis</span> <span class='ocrx_word' id='word_1_340' title='bbox 1410 4272 1465 4326; x_wconf 88' lang='grc' dir='ltr'><em>Β</em></span> <span class='ocrx_word' id='word_1_341' title='bbox 1503 4278 1554 4327; x_wconf 84' lang='lat' dir='ltr'>et</span> <span class='ocrx_word' id='word_1_342' title='bbox 1588 4287 1725 4327; x_wconf 80' lang='lat' dir='ltr'>corr.</span> <span class='ocrx_word' id='word_1_343' title='bbox 1761 4288 1829 4325; x_wconf 86' lang='lat' dir='ltr'>m.</span> <span class='ocrx_word' id='word_1_344' title='bbox 1864 4274 1901 4326; x_wconf 80' lang='lat'><em>2</em></span> <span class='ocrx_word' id='word_1_345' title='bbox 1956 4270 2174 4325; x_wconf 88' lang='lat' dir='ltr'>debebis</span> <span class='ocrx_word' id='word_1_346' title='bbox 2208 4271 2263 4325; x_wconf 99' lang='lat' dir='ltr'><strong><em>A</em></strong></span> 
     </span>
    </p>
   </div>
   <div class='ocr_carea' id='block_1_7' title="bbox 2463 4374 2570 4428">
    <p class='ocr_par' dir='ltr' id='par_1_11' title="bbox 2463 4374 2570 4428">
     <span class='ocr_line' id='line_1_39' title="bbox 2463 4374 2570 4428; baseline 0.009 -1"><span class='ocrx_word' id='word_1_347' title='bbox 2463 4374 2570 4428; x_wconf 81' lang='lat'>16*</span> 
     </span>
    </p>
   </div>
  </div>
 </body>
</html>
