3380 4919
1072 333 1148 387 de
1184 333 1458 404 gubern.
1496 332 1601 388 dei
1642 333 1752 388 VII
1789 338 1820 399 5
1855 333 2075 388 39-46.
2579 339 2706 405 169

444 523 693 605 putant,
739 524 804 587 in
850 524 1319 588 miserationem
1363 524 1643 589 hostium
1696 523 2034 588 deueniret.
2108 523 2171 587 et
2212 522 2327 587 hoc
2370 524 2528 588 cur?
2594 523 2808 591 cur44

446 623 685 709 absque
732 625 918 692 dubio
965 626 1089 691 nisi
1134 627 1299 709 quia,
1346 633 1417 692 ut
1461 627 1590 691 iam
1636 626 1798 704 dixi,
1844 623 1941 691 illi
1985 627 2094 691 deo
2139 624 2411 690 humiles
2457 644 2566 691 nos
2610 646 2703 691 re·

443 727 662 807 belles,
710 728 812 793 illi
840 729 1239 795 crediderunt
1268 732 1337 796 in
1365 749 1555 796 manu
1588 729 1688 794 dei
1724 747 1857 794 esse
1887 726 2216 794 uictoriam
2245 746 2359 793 nos
2400 729 2469 794 in
2513 747 2704 795 manu

444 835 662 897 nostra
706 833 899 898 immo
942 834 1009 898 in
1056 833 1363 917 sacrilega
1407 835 1596 916 atque
1640 833 1853 914 impia,
1909 832 2071 915 quod
2114 836 2209 897 est
2252 832 2429 914 peius
2473 849 2703 898 nocen-

394 955 426 996 s
445 936 697 1019 tiusque
741 955 929 1019 quam
975 941 1236 1003 nostra?
1281 938 1546 1020 denique
1591 938 1720 1021 ipse
1765 955 1869 1001 rex
1909 936 2203 1015 hostium,
2253 939 2559 1019 quantum
2603 953 2703 1000 res

446 1039 724 1120 prodidit
785 1059 856 1105 ac
899 1041 1222 1124 probauit,
1292 1058 1485 1123 usque
1543 1041 1621 1105 ad
1681 1040 1845 1104 diem
1900 1057 2147 1122 pugnae
2205 1038 2443 1105 stratus
2500 1038 2703 1103 cilicio

446 1160 660 1224 preces
708 1142 900 1221 fudit,
943 1148 1089 1209 ante
1133 1143 1371 1209 bellum
1409 1144 1476 1207 in
1508 1142 1785 1208 oratione
1829 1141 2023 1208 iacuit
2066 1142 2143 1207 ad
2177 1141 2414 1208 bellum
2445 1142 2522 1206 de
2565 1159 2703 1208 ora-

445 1246 617 1309 tione
661 1248 948 1310 surrexit.
1040 1246 1406 1328 priusquam
1462 1263 1737 1330 pugnam
1780 1263 1968 1309 manu
2026 1246 2401 1326 capesseret,
2460 1244 2701 1327 suppli·

447 1345 691 1412 catione
728 1350 1035 1432 pugnauit
1083 1350 1143 1414 et
1195 1350 1338 1414 ideo
1368 1349 1566 1413 fidens
1597 1346 1891 1431 processit
1935 1347 2012 1412 ad
2039 1365 2337 1431 pugnam,
2382 1347 2529 1430 quia
2573 1347 2702 1413 iam

370 1472 428 1512 ιο
446 1456 760 1516 meruerat
804 1453 871 1516 in
916 1455 1193 1518 oratione
1239 1452 1591 1518 uictoriam.

532 1570 637 1634 XI.
685 1572 825 1636 Non
872 1572 1263 1637 dissimiliter
1311 1576 1521 1638 autem
1567 1573 1724 1637 illud
1770 1573 1961 1637 etiam
2007 1572 2169 1654 apud
2205 1571 2571 1637 wandalos:
2621 1572 2805 1642 ad45

445 1692 596 1756 quos
641 1693 784 1739 cum
842 1676 908 1740 in
951 1676 1261 1759 Hispania
1317 1675 1470 1741 sitos
1527 1680 1739 1740 nostra
1799 1693 1940 1757 pars
2000 1677 2291 1758 pergeret
2336 1676 2702 1759 tantamque

443 1776 523 1841 ad
581 1778 980 1844 debellandos
1041 1798 1141 1845 eos
1196 1779 1722 1862 praesumptionis
1786 1779 2080 1843 fiduciam
2147 1778 2338 1844 ferret
2394 1782 2700 1863 quantum

443 1880 637 1945 etiam
679 1884 956 1963 proxime
1001 1885 1080 1948 ad
1126 1882 1383 1960 Gothos,
1431 1881 1565 1965 pari
1610 1881 1931 1964 superbiae
1974 1882 2143 1946 fastu
2172 1884 2309 1964 pari
2340 1883 2511 1947 exitu
2555 1901 2701 1949 con-

373 2009 427 2048 15
441 1985 717 2048 ruerunt.
809 1987 1109 2068 uenitque
1165 2004 1350 2067 super
1406 1985 1745 2051 exercitum
1805 1990 2091 2049 nostrum
2149 1985 2310 2051 illud
2363 1987 2698 2069 prophetae

444 2086 709 2152 dictum:
758 2089 1037 2153 obruet
1080 2088 1445 2155 dominus
1490 2088 2071 2154 confidentiam
2129 2089 2339 2153 tuam
2386 2094 2464 2153 et
2507 2090 2700 2156 nihil

443 2188 764 2255 habebis
810 2208 1290 2274 prosperum.
1350 2192 1805 2257 confidebamus
1862 2191 2127 2255 enimin
2157 2191 2461 2274 sapientia
2491 2192 2701 2260 nostra

443 2295 506 2357 et
547 2292 916 2358 fortitudine
961 2297 1176 2359 contra
1219 2293 1318 2360 dei
1377 2295 1674 2360 mandata
1732 2294 2024 2363 dicentis:
2083 2312 2229 2358 non
2284 2294 2699 2377 glorietur

443 2396 760 2478 sapiens
807 2399 881 2464 in
925 2399 1348 2481 sapientia
1392 2417 1531 2464 sua
1591 2418 1729 2464 nec
1773 2396 2016 2463 fortis
2078 2397 2153 2462 in
2214 2396 2698 2465 fortitudine

378 2518 604 2577 nsua,
672 2501 803 2565 sed
859 2501 941 2565 in
1002 2503 1142 2567 hoc
1197 2502 1601 2586 glorietur
1648 2502 1777 2585 qui
1846 2502 2286 2586 gloriatur,
2355 2503 2565 2567 scire
2625 2511 2698 2568 et

442 2622 664 2669 nosse
709 2623 851 2682 me,
899 2605 1079 2686 quia
1123 2624 1261 2689 ego
1306 2625 1471 2671 sum
1517 2607 1895 2673 dominus,
1972 2624 2090 2670 non
2138 2604 2429 2669 inmerito
2485 2605 2802 2688 itaque46

445 2706 595 2772 uicti
642 2726 894 2782 sumus;
940 2711 1017 2774 ad
1064 2709 1320 2775 meliora
1364 2714 1529 2775 enim
1573 2729 1639 2775 se
1682 2709 1782 2774 illi
1828 2708 2105 2774 subsidia
2148 2708 2467 2773 contulere
2510 2726 2697 2791 quam

444 2811 654 2875 nostri.
745 2829 891 2875 nam
952 2830 1097 2875 cum
1157 2813 1350 2876 armis
1406 2831 1515 2878 nos
1559 2814 1744 2896 atque
1799 2812 2047 2878 auxiliis
2107 2811 2565 2894 superbiremus
2585 2863 2600 2890 ‚
2661 2832 2699 2877 a

444 2915 617 2993 parte
660 2913 937 2979 hostium
984 2915 1162 2979 nobis
1208 2916 1366 2979 liber
1410 2916 1657 2982 diuinae
1688 2917 1846 3000 legis
1880 2915 2169 2982 occurrit.
2214 2918 2292 2981 ad
2329 2915 2489 2980 hanc
2533 2915 2699 2980 enim

383 3017 768 3106 nspraecipue
815 3035 992 3098 opem
1039 3019 1231 3081 timor
1277 3019 1340 3083 et
1381 3020 1766 3101 perturbatio
1799 3021 1951 3084 tunc
1987 3017 2353 3083 Wandalica
2395 3018 2695 3101 confugit,

445 3123 511 3182 ut
568 3120 789 3183 seriem
846 3121 1022 3184 nobis
1080 3121 1311 3204 eloquii
1357 3123 1641 3188 caelestis
1699 3122 2035 3206 opponeret
2069 3126 2155 3186 et
2207 3122 2539 3186 aduersum
2584 3139 2693 3186 ue-

444 3220 681 3286 nientes
713 3222 984 3288 aemulos
1022 3241 1164 3288 suos
1196 3226 1357 3290 sacri
1391 3226 1730 3291 uoluminis
1763 3225 1996 3307 scripta
2026 3225 2204 3307 quasi
2236 3225 2372 3306 ipsa
2401 3227 2695 3306 quodam-

643 3408 710 3463 16
746 3408 977 3463 Hierem.
1014 3412 1067 3477 2,
1105 3409 1171 3463 37
1380 3413 1446 3467 18
1479 3413 1714 3467 Hierem.
1751 3414 1800 3477 9,
1836 3413 1905 3467 23

543 3578 569 3631 1
618 3578 718 3632 hoc
764 3580 895 3633 cur?
948 3597 1041 3634 cur
1084 3580 1169 3634 B:
1223 3580 1320 3635 hoc
1365 3597 1456 3634 eur
1501 3597 1602 3635 om.
1640 3581 1737 3634 alt.
1774 3597 1867 3634 cur
1900 3581 1956 3634 A
2161 3581 2196 3634 8
2238 3581 2534 3649 capesceret
2579 3596 2692 3636 mm

459 3656 505 3709 B
537 3664 671 3719 solus
704 3664 799 3720 sed
834 3667 998 3720 etiam
1034 3666 1276 3734 A(Ttv)
1451 3668 1516 3721 13
1538 3665 1816 3721 bellandos
1841 3667 1897 3720 Β
1932 3673 1984 3722 et
2018 3683 2060 3722 s.
2096 3682 2198 3721 scr.
2236 3666 2301 3721 de
2333 3684 2402 3722 m.
2428 3671 2469 3722 2
2502 3668 2558 3721 A

461 3741 522 3794 14
561 3752 692 3813 paris
739 3753 795 3805 A
1003 3753 1149 3807 fastu
1200 3754 1273 3806 T:
1326 3752 1501 3808 factus
1537 3752 1632 3807 sed
1675 3769 1845 3822 super
1880 3769 1909 3806 c
1942 3769 2044 3809 scr.
2078 3769 2148 3807 m.
2184 3756 2224 3808 2
2258 3770 2283 3807 s
2317 3755 2373 3807 A
2428 3755 2602 3809 fastus
2639 3756 2696 3810 Β

455 3828 594 3893 (fort-
633 3839 697 3892 in
740 3839 915 3893 fastus
964 3841 1096 3895 latet
1140 3841 1288 3894 fastu
1325 3843 1430 3907 et);
1482 3840 1771 3894 Hartelius
1813 3841 2163 3908 suspicatur.-
2216 3856 2369 3908 pares
2419 3840 2698 3910 superbiae

447 3913 609 3973 fastus
619 3942 634 3988 ;
691 3924 761 3989 cf.
793 3941 854 3993 p.
891 3928 1019 3992 172,
1058 3930 1093 3979 6
1302 3927 1365 3979 15
1402 3926 1690 3980 exercitum
1738 3926 1794 3979 Β
1828 3941 1871 3980 s.
1910 3925 1945 3980 l.
2153 3927 2220 3981 18
2265 3925 2493 3981 dicentis
2526 3944 2698 3995 super

442 4001 585 4061 iult.
634 4010 756 4079 syll.
803 4026 906 4065 scr.
942 4028 972 4065 e
1007 4029 1074 4066 m.
1110 4015 1151 4067 2
1206 4014 1260 4067 A
1464 4013 1528 4067 21
1584 4029 1692 4065 non
1745 4013 1887 4066 inme
1940 4012 1995 4066 Α.
2049 4013 2129 4067 bis
2180 4014 2336 4069 habet
2388 4014 2485 4069 sed
2536 4015 2698 4070 semel

428 4099 622 4155 pwnct.
832 4096 900 4149 22
955 4098 1269 4152 contuleras·
1292 4101 1366 4166 ‘(a
1410 4101 1620 4166 punct.)
1677 4113 1728 4166 q.
1776 4101 1990 4153 nostrae
2042 4098 2098 4152 A
2303 4098 2372 4153 25
2425 4100 2696 4156 uuandala

431 4175 596 4245 B(T)
806 4181 874 4234 26
918 4183 1124 4253 seriem]
1163 4184 1235 4250 cf.
1271 4183 1366 4238 Ad
1401 4183 1552 4238 Eccl.
1589 4183 1703 4237 111
1728 4189 1759 4238 1
1968 4183 2212 4238 caelestis
2259 4185 2459 4254 eloquii
2501 4187 2558 4241 Β

438 4261 785 4320 aduenientes
820 4268 874 4321 Β
892 4269 983 4335 (Τ)
1189 4270 1253 4324 27
1291 4270 1407 4339 ipsa
1435 4270 1590 4340 quasi
1625 4270 1682 4324 Β
