3380 4919
2752 301 2835 354 XI

569 485 958 588 archetypi
1028 487 1339 585 uestigia
1417 501 1782 587 presserat
1852 487 2037 562 alter
2088 515 2267 564 uero
2325 489 2829 589 neglegentius

566 606 886 704 scriptus
941 617 1098 681 erat
1151 618 1223 681 et
1273 619 1658 706 praeterea
1711 608 1915 683 haud
1967 635 2136 682 raro
2186 636 2234 682 a
2286 613 2826 687 correctoribus

564 725 1309 826 interpolatoribusue
1385 728 1576 802 male
1655 737 2032 802 tractatus.
2116 740 2341 827 atque
2421 754 2509 807 ex
2586 732 2833 830 priore

564 846 777 920 fiuxit
854 846 1057 921 solus
1123 847 1216 937 A,
1299 873 1388 921 ex
1464 847 1873 946 posteriore
1955 873 2130 923 uero
2207 849 2280 922 B
2359 873 2530 925 cum
2607 877 2831 949 grege

565 965 1140 1063 proletariorum
1194 967 1538 1043 codicum
1594 967 1703 1068 (T
1711 981 1797 1043 tv
1851 967 2328 1070 Italicorum),
2375 971 2507 1068 qui
2574 982 2829 1070 utpote

565 1087 802 1184 magis
890 1099 1308 1187 temporum
1387 1089 1707 1164 decursu
1789 1089 2172 1187 magisque
2256 1089 2678 1189 interpolati
2759 1103 2831 1165 et

558 1204 953 1304 ‚deprauati
1006 1207 1233 1281 uariis
1284 1209 1642 1306 gradibus
1680 1235 1724 1281 a
1779 1209 1852 1282 B
1906 1208 2199 1305 distant,
2254 1209 2360 1301 ita
2413 1222 2492 1286 ut
2528 1211 2607 1284 in
2663 1210 2829 1284 crisi

564 1325 965 1402 factitanda
1015 1327 1291 1402 nullius
1348 1328 1701 1402 momenti
1756 1328 1905 1402 sint
1953 1329 2416 1427 paucissimis
2470 1329 2653 1405 locis
2709 1355 2830 1404 ex·

565 1447 821 1546 ceptis,
906 1448 1178 1546 quibus
1241 1449 1429 1522 forte
1487 1448 1735 1522 euenit
1797 1459 1881 1522 ut
1944 1475 2139 1523 unus
2218 1448 2498 1523 alterue
2577 1476 2831 1524 eorum

563 1567 964 1665 genuinam
1030 1568 1476 1667 scripturam
1544 1579 1874 1643 seruaret
1927 1581 2185 1643 contra
2236 1569 2329 1660 B,
2402 1595 2626 1667 quem
2680 1571 2829 1644 fere

565 1687 808 1762 solum
885 1687 1160 1762 codicis
1216 1691 1287 1760 A
1340 1689 1500 1763 uice
1566 1688 1780 1786 fungi
1834 1700 2410 1779 consentaneum
2463 1699 2593 1782 est,
2669 1690 2828 1765 ubi-

565 1833 886 1906 cumque
923 1819 1053 1882 aut
1090 1809 1178 1881 de
1215 1808 1468 1887 codice
1494 1808 1566 1883 A
1592 1808 1700 1883 nil
1735 1808 2037 1884 omnino
2077 1819 2365 1899 constat
2401 1820 2525 1887 aut
2561 1810 2829 1884 damna

564 1927 890 2001 eiusdem
969 1927 1360 2002 manifesta
1441 1928 1853 2028 reparanda
1934 1955 2092 2003 esse
2163 1928 2328 2002 luce
2400 1927 2663 2003 clarius
2716 1929 2825 2002 ui-

564 2046 800 2121 detur.

671 2201 919 2293 Quare
970 2229 1123 2276 non
1176 2203 1420 2301 potuit
1452 2229 1606 2278 non
1643 2202 1878 2276 uideri
1916 2203 2283 2301 optimum
2320 2202 2622 2277 seclusis
2674 2203 2827 2277 sere

562 2323 839 2420 ubique
891 2321 1197 2422 reliquis
1243 2323 1564 2415 alterius,
1620 2335 1707 2395 ut
1739 2323 1845 2396 ita
1880 2322 2143 2414 dicam,
2200 2322 2521 2397 familiae
2559 2322 2826 2397 codici-

549 2441 700 2523 bus
765 2469 924 2517 rem
989 2443 1092 2517 ita
1170 2443 1571 2539 instituere,
1654 2454 1740 2517 ut
1809 2442 2261 2552 ubicumque
2330 2442 2410 2516 in
2458 2454 2824 2542 apparatu

562 2564 814 2646 critico
870 2564 1142 2639 codicis
1196 2564 1268 2637 A
1322 2563 1853 2663 scripturarum
1888 2563 2161 2638 mentio
2216 2589 2385 2636 non,
2419 2563 2522 2655 fit,
2582 2573 2825 2638 textus

561 2710 679 2757 eas
752 2683 1097 2762 ostendat
1161 2683 1432 2758 additis
1500 2695 1799 2758 tantum
1863 2684 2089 2758 modo
2115 2763 2118 2768 ,
2145 2682 2373 2782 solius
2429 2683 2703 2760 codicis
2756 2685 2828 2757 B

560 2804 964 2904 scripturis.
1048 2806 1505 2904 ubicumque
1557 2831 1740 2879 uero
1783 2805 2002 2880 unius
2056 2803 2450 2878 alteriusue
2502 2803 2824 2901 reliquo-

559 2950 726 3026 rum
813 2924 1153 2999 codicum
1232 2925 1635 3023 scripturas
1709 2923 2063 3000 adnotaui
2119 2948 2420 3012 causam
2447 2981 2448 2986 1
2472 2922 2819 3008 facillime

559 3068 667 3118 116,
710 3045 948 3132 dicam
997 3045 1238 3143 primo
1293 3045 1537 3119 statim
1573 3045 1850 3120 obtutu¹
1875 3045 2199 3120 inueniet
2229 3044 2365 3142 qui
2399 3042 2822 3139 diligentius

558 3164 1044 3263 inquisiuerit.

660 3319 894 3394 Multo
951 3319 1355 3419 simplicior
1408 3330 1480 3393 et
1534 3317 1946 3419 expeditior
2007 3341 2125 3392 res
2183 3328 2339 3391 erat
2390 3315 2470 3389 in
2513 3316 2823 3391 edendis

1406 3472 2056 3573 Epistolis.'
2157 3479 2162 3484 ’
2643 3465 2646 3468 ’

662 3609 959 3709 Septem
1039 3610 1231 3683 enim
1311 3597 1632 3708 priores*
1679 3609 2031 3709 epistolae
2109 3635 2262 3682 11011
2347 3595 2827 3681 inueniuntur

555 3730 695 3804 nisi
747 3731 826 3805 in
881 3758 1027 3805 uno
1082 3730 1354 3821 codice,
1413 3732 1620 3805 cuius
1673 3756 1873 3805 nunc
1925 3730 2166 3803 altera·
2187 3763 2190 3768 ·
2211 3727 2573 3827 particula
2630 3739 2827 3802 extat

554 3849 633 3922 in
703 3851 1150 3925 bibliotheca
1217 3849 1577 3924 Bernensi
1644 3877 1720 3923 n.
1781 3853 1951 3943 219,
2024 3848 2102 3922 in
2173 3843 2432 3923 cedice
2485 3845 2824 3922 Parisino

557 3985 626 4053 n.
687 3974 879 4045 3791
941 3972 1207 4071 (2174)
1290 3970 1540 4045 altera.
1647 3996 1735 4043 ex
1823 3995 1970 4067 quo
2058 3969 2316 4044 eodem
2383 3968 2608 4044 sonte
2689 3993 2827 4042 sua

554 4089 803 4176 hausit
865 4091 1136 4174 Petrus
1188 4091 1676 4184 Pithoeus,
1748 4090 1875 4189 qui
1925 4089 2210 4189 primus
2246 4114 2389 4164 ,eas
2427 4087 2824 4164 ›i-n'lucem

555 4211 882 4307 protulit.
969 4225 1192 4310 atque
1227 4224 1399 4310 post
1449 4209 1908 4292 Halmium
1930 4267 1946 4300 ,
2004 4210 2148 4308 (1111Ι
2178 4220 2465 4308 partem
2516 4206 2825 4282 alteram
