3380 4919
1084 395 1160 448 de
1196 394 1462 463 gubern.
1499 395 1606 448 dei
1653 394 1742 450 111
1777 399 1807 459 ξ
1845 396 2065 454 17-23.
2611 399 2697 466 49

442 585 602 662 uiat‚
667 584 739 646 ut
784 583 919 647 sola
963 580 1020 646 61
1064 562 1617 649 immaculatorum
1664 587 1920 650 actuum
1963 584 2237 668 puritate
2285 589 2347 649 et
2389 586 2558 651 uitae
2599 589 2697 652 in-

440 685 943 753 contaminabilis
974 686 1310 751 sanctitate
1340 688 1725 768 placeamus.
1760 705 1880 770 quo
1909 689 2053 771 plus
2083 689 2139 753 ei
2166 688 2321 753 fides
2354 690 2418 753 et
2450 686 2697 754 deuotio
2715 688 2796 756 21

424 790 653 855 'nostra
698 788 904 870 debet,
952 788 1097 870 quia
1140 789 1385 855 minora
1428 808 1466 853 a
1510 791 1688 856 nobis
1738 790 1934 875 exigit
1978 792 2043 856 et
2085 791 2323 857 maiora
2369 794 2693 858 concessit.

440 893 504 956 et
560 891 696 957 ideo
761 910 901 956 cum
959 894 1022 956 et
1075 895 1383 975 principes
1430 892 1769 959 Christiani
1816 893 1945 958 sint
1992 897 2053 958 et
2118 894 2465 978 persecutio
2522 894 2698 958 nulla

394 996 524 1060 ssit
569 998 631 1059 et
675 995 894 1079 religio
942 1014 1065 1059 non
1110 994 1517 1077 inquietetur,
1564 999 1670 1079 qui
1702 998 1780 1061 ad
1810 997 2199 1080 probandam
2237 999 2425 1063 fidem
2468 1001 2697 1080 experi-

440 1099 670 1164 mentis
720 1099 1070 1164 durioribus
1118 1117 1243 1164 non
1289 1101 1723 1184 compellimur
1770 1102 2166 1167 inferioribus
2208 1103 2424 1167 saltim
2480 1101 2697 1167 officiis

439 1200 688 1268 domino
731 1202 873 1283 plus
918 1201 1160 1284 placere
1191 1201 1511 1269 debemus,
1556 1205 1780 1287 probat
1810 1205 1980 1270 enim
2014 1207 2202 1272 etiam
2243 1207 2310 1271 in
2341 1205 2696 1284 maioribUS‚

440 1306 496 1370 si
540 1325 637 1371 res
684 1306 910 1389 exigat,
959 1308 1378 1372 exsecutorem
1415 1326 1481 1372 se
1511 1307 1807 1374 idoneum
1837 1310 1985 1390 fore,
2035 1327 2073 1374 a
2102 1328 2222 1392 quo
2254 1310 2495 1374 minora
2526 1326 2698 1373 com-

439 1409 710 1493 plentur.

369 1555 420 1593 10
527 1529 632 1594 VI.
682 1529 1064 1597 Omittamus
1111 1549 1257 1614 ergo
1298 1531 1433 1610 illa,
1480 1550 1635 1614 quae
1682 1528 2081 1598 beatissimus
2125 1532 2360 1596 Paulus
2414 1530 2695 1614 pertulit,
2718 1527 2804 1593 22

400 1633 631 1725 ⁴‚immo
692 1653 848 1716 quae
907 1633 974 1698 in
1031 1633 1214 1698 libris
1281 1637 1503 1714 postea
1556 1633 1631 1698 de
1697 1633 1997 1717 religione
2062 1634 2426 1717 conscriptis
2485 1649 2697 1697 omnes

441 1738 774 1803 admodum
806 1736 1189 1802 Christianos
1223 1736 1492 1820 legimus
1522 1736 1881 1819 pertulisse,
1928 1737 2034 1818 qui
2066 1736 2144 1800 ad
2176 1737 2459 1802 caelestis
2490 1736 2696 1816 regiae

438 1840 696 1904 ianuam
752 1840 1049 1919 gradibus
1113 1858 1453 1922 poenarum
1521 1858 1771 1904 suarum
1847 1842 2241 1906 ascendentes
2306 1840 2504 1904 scalas
2571 1837 2694 1904 sibi

440 1943 894 2026 quodammodo
940 1945 1014 2007 de
1060 1943 1286 2007 eculeis
1336 1943 1717 2025 catastisque
1764 1944 2063 2009 fecerunt.
2132 1944 2487 2020 uideamuS,
2534 1941 2587 2005 si
2632 1943 2699 2006 in

370 2074 421 2114 15
439 2046 570 2111 illis
615 2046 829 2111 saltim
874 2045 1203 2128 religiosae
1250 2045 1596 2111 deuotionis
1643 2044 1980 2134 obsequiis,
2028 2065 2183 2129 quae
2229 2047 2469 2110 minora
2513 2046 2698 2125 atque

439 2149 790 2214 communia
832 2149 904 2212 in
948 2168 1194 2213 summa
1239 2152 1446 2232 quiete
1491 2152 1555 2214 et
1601 2150 2078 2235 omnitempore
2108 2169 2322 2215 omnes
2353 2148 2695 2215 Christiani

439 2252 612 2317 obire
672 2270 1033 2336 possumuS‚
1090 2252 1437 2334 praeceptis
1501 2253 1833 2317 dominicis
1879 2253 2249 2336 respondere
2294 2255 2697 2334 temptamus

437 2356 612 2422 iubet
665 2355 950 2421 Christus
1013 2374 1088 2419 ne
1148 2356 1492 2437 litigemus
1583 2356 1719 2438 quis
1778 2356 2023 2421 iubenti
2079 2355 2514 2438 obtemperat?
2586 2373 2697 2418 nec

439 2462 643 2525 solum
701 2458 873 2523 iubet
941 2458 1047 2523 sed
1111 2457 1175 2523 in
1233 2461 1483 2523 tantum
1541 2458 1656 2524 hoc
1709 2458 1918 2542 iubet,
1976 2463 2049 2523 ut
2109 2479 2181 2524 ea
2234 2459 2373 2542 ipsa
2426 2477 2565 2536 noS‚
2624 2459 2702 2521 de

367 2587 421 2627 20
442 2564 664 2646 quibus
710 2564 788 2627 lis
835 2564 963 2639 est,
1020 2563 1364 2644 relinquere
1414 2562 1656 2641 iubeat,
1716 2562 2047 2627 dummodo
2099 2562 2322 2626 litibus
2380 2579 2694 2626 exuamur.

438 2667 506 2730 si
552 2666 726 2749 quis
773 2666 1007 2744 enim,
1052 2664 1291 2746 inquit,
1350 2664 1705 2728 uoluerit
1749 2673 2010 2729 tecum
2052 2665 2134 2728 in
2179 2664 2475 2729 iudicio
2521 2680 2696 2728 con-

438 2770 766 2834 tendere
828 2771 902 2832 et
957 2768 1311 2831 tunicam
1378 2769 1594 2831 tuam
1662 2767 1992 2846 tollere,
2062 2765 2428 2849 relinque
2499 2767 2566 2830 61
2622 2768 2697 2829 et

438 2872 792 2956 pallium.
830 2871 1141 2953 interrogo
1166 2869 1272 2953 qui
1297 2871 1445 2948 sint,
1481 2872 1585 2952 qui
1615 2870 2029 2951 spoliantibus
2055 2869 2421 2935 aduersariis
2453 2863 2799 2947 cedant,'23

439 2978 631 3041 immo
679 2976 784 3057 qui
830 2974 989 3055 sint,
1051 2974 1157 3055 qui
1215 2973 1608 3037 aduersarios
1670 2991 1812 3038 suos
1870 2979 1994 3037 non
2038 2974 2300 3057 spoliare
2357 2976 2696 3037 conentur?

368 3101 420 3142 25
440 3083 573 3143 tam
619 3078 836 3161 procul
882 3076 1051 3140 enim
1095 3075 1269 3141 abest
1313 3080 1385 3140 ut
1433 3095 1577 3140 cum
1609 3076 1839 3141 tunicis
1872 3076 2063 3140 etiam
2095 3077 2221 3141 alia
2247 3077 2691 3157 relinquamus,

439 3184 542 3258 ut,
600 3182 654 3245 si
710 3197 829 3263 quo
885 3182 1067 3244 modo
1126 3197 1454 3260 possumus
1513 3179 1774 3261 pallium
1832 3179 2025 3244 simul
2090 3180 2464 3245 aduersariis
2524 3180 2692 3244 tuni-

428 3277 659 3365 casque
705 3284 1020 3350 tollamUS.
1079 3287 1209 3348 tam
1254 3284 1477 3348 deuote
1523 3282 1689 3347 enim
1734 3283 2049 3349 mandatis
2085 3284 2409 3348 dominicis
2442 3282 2692 3348 oboedi-

642 3504 708 3557 21
745 3504 941 3558 Matth.
977 3505 1028 3569 5,
1063 3504 1132 3557 40

540 3711 571 3763 5
609 3709 943 3777 probandum
979 3709 1035 3763 Β
1230 3710 1263 3762 6
1301 3710 1484 3764 saltim
1522 3710 1575 3762 A
1610 3726 1676 3763 m.
1705 3715 1736 3763 1
1792 3710 1981 3763 saltem
2017 3726 2085 3764 m.
2111 3711 2151 3764 2
2342 3708 2372 3761 7
2410 3710 2552 3762 enim
2590 3725 2691 3766 om.

437 3796 492 3849 Β
527 3812 594 3850 m.
632 3801 664 3849 1
858 3795 1222 3849 immaioribus
1269 3796 1323 3850 A
1381 3812 1413 3849 a
1450 3795 1740 3849 maioribus
1788 3796 1843 3849 Β
2047 3797 2081 3849 8
2128 3797 2483 3849 exsecutorem
2528 3811 2583 3847 se
2622 3811 2691 3850 ex

438 3883 792 3935 exsecutorem
828 3882 885 3934 Si
921 3883 975 3935 A
1010 3897 1149 3940 corr.
1188 3899 1258 3937 m.
1282 3886 1322 3938 2
1417 3879 1421 3883 ’
1528 3884 1590 3938 11
1629 3898 1811 3935 omnes
1831 3897 1914 3935 ς6111
1948 3883 2121 3936 omnis
2156 3882 2212 3934 A
2246 3879 2390 3937 corr.
2422 3898 2500 3935 m.
2522 3885 2555 3935 1

438 3966 505 4020 14
540 3967 869 4035 catastisque
903 3967 959 4020 Β
994 3974 1138 4023 θύσω
1174 3968 1546 4037 castitatisque
1582 3982 1734 4023 com
1751 3984 1827 4023 m
1854 3970 1896 4021 2
1929 3968 1985 4020 A
2167 3968 2233 4021 15
2267 3966 2452 4022 saltim
2485 3968 2688 4021 iterum
2781 3977 2785 3981 *

436 4053 502 4107 in
525 4054 721 4108 saltem
743 4054 885 4108 male
906 4059 1039 4109 mut.
1065 4055 1122 4108 A
1142 4071 1212 4109 m.
1237 4059 1273 4109 2
1446 4055 1512 4107 17
1538 4053 1784 4108 oboedire
1808 4054 1863 4107 A
1908 4052 2111 4107 obn-ire
2134 4053 2190 4107 Β
2235 4052 2384 4106 obire
2418 4070 2452 4107 v
2487 4054 2552 4107 in
2575 4069 2687 4108 rao.

435 4145 649 4209 septem,
685 4146 750 4196 ut
785 4139 1023 4206 uidetur,
1061 4142 1373 4197 litterarum
1407 4157 1578 4196 manu
1612 4140 1938 4200 Brassicam
2130 4139 2197 4194 21
2233 4138 2463 4193 noluerit
2497 4139 2553 4192 B

438 4242 495 4296 in
545 4260 644 4301 om.
693 4243 751 4298 Β
957 4244 1024 4297 23
1070 4244 1298 4313 pallium
1348 4261 1417 4299 eae
1460 4245 1695 4328 palleum
1740 4249 1814 4298 Α
1836 4258 1976 4299 corr.
2010 4259 2079 4299 m.
2115 4245 2158 4299 2
2359 4223 2501 4311 24‘31
2537 4247 2690 4310 (ante

438 4330 794 4399 aduersarios)
830 4332 885 4386 A
919 4346 963 4388 s,
1003 4330 1038 4385 l.
1075 4346 1149 4389 m.
1181 4334 1223 4385 2
1426 4330 1492 4384 27
1530 4330 1933 4385 obediamusB

540 4434 696 4488 VIII.
2447 4434 2483 4486 4
