3380 4919
1270 331 1571 402 epistola
1615 331 1802 388 VIIII.
2533 335 2657 402 221

404 538 479 586 ac
522 520 730 602 prima
773 521 882 584 illa
924 522 1176 586 ueniens
1221 540 1259 584 a
1301 522 1599 587 mandato
1644 525 1769 600 dei,
1828 542 1946 605 quo
2000 523 2411 606 praecipimur
2454 521 2656 589 uitare

408 622 700 688 omnibus
745 624 945 687 modis
992 625 1306 688 terrestris
1350 625 1587 707 gloriae
1632 626 1997 701 uanitatem,
2045 646 2122 690 ne
2157 628 2304 689 dum
2351 625 2659 691 humanae

409 726 617 791 laudis
648 725 899 790 inanem
932 726 1217 791 aurulam
1248 726 1619 808 quaerimus,
1650 728 1997 810 praemium
2017 728 2276 793 caeleste
2310 729 2657 808 perdamus.

412 847 481 893 ex
527 847 648 911 quo
690 830 882 893 etiam
939 830 1099 894 illud
1146 830 1258 910 est,
1318 829 1479 911 quod
1526 834 1590 894 et
1637 832 1800 895 orari
1845 832 1993 895 deus
2039 834 2099 894 et
2144 831 2359 896 donari
2417 833 2657 897 occulte

368 933 634 997 siubens
679 933 820 996 uult
864 951 973 997 nos
1020 933 1289 996 fructum
1338 932 1483 999 boni
1512 932 1715 1015 operis
1748 934 2173 998 commendare
2216 934 2469 1012 secreto,
2516 933 2663 1015 quia

412 1034 591 1099 nulla
643 1035 730 1099 sit
786 1035 983 1099 maior
1036 1034 1179 1099 fidei
1236 1035 1514 1111 deuotio,
1577 1054 1762 1117 quam
1814 1054 1969 1118 quae
2017 1036 2453 1100 conscientiam
2499 1037 2662 1100 uitat

412 1139 731 1205 hominum
779 1139 892 1202 deo
938 1141 1095 1205 teste
1141 1142 1448 1205 contenta.
1505 1139 1813 1203 nesciat
1857 1138 2094 1221 enim,
2140 1138 2346 1220 inquit
2388 1140 2660 1204 saluator

414 1245 652 1320 noster,
710 1260 981 1307 manus
1028 1247 1164 1308 tua
1209 1243 1548 1308 sinistra
1604 1243 1790 1324 quid
1849 1241 2102 1306 faciat
2147 1242 2467 1307 dextera
2509 1245 2659 1325 tua,

413 1348 487 1409 et
552 1345 777 1427 pater
844 1347 1022 1410 tuus
1091 1348 1215 1429 qui
1284 1346 1500 1411 uidet
1555 1346 1632 1409 in
1699 1344 2080 1410 absconso
2144 1346 2428 1410 reddet
2493 1344 2662 1409 tibi.

346 1471 395 1510 ιο
414 1452 478 1513 et
520 1448 661 1513 ideo
719 1447 1005 1531 scriptori
1062 1449 1158 1513 illi
1205 1450 1283 1514 ad
1327 1448 1817 1514 subtrahendum
1863 1467 1935 1511 ex
1974 1447 2161 1512 titulo
2208 1465 2430 1512 nomen
2478 1466 2668 1525 sunm
2687 1443 2767 1511 14

412 1552 597 1634 atque
654 1553 979 1617 celandum
1039 1553 1321 1618 sufficere
1380 1554 1534 1617 haec
1595 1552 2025 1616 tantummodo
2083 1569 2269 1615 causa
2323 1549 2543 1633 potuit,
2589 1554 2663 1614 ut

414 1657 575 1737 quod
622 1658 684 1720 in
734 1656 1025 1721 honorem
1070 1657 1304 1722 domini
1351 1656 1449 1722 sui
1492 1658 1732 1722 fecerat
1776 1655 2026 1720 diuinae
2068 1658 2318 1720 tantum
2351 1657 2661 1720 conscien-

413 1761 539 1824 tiae
584 1761 947 1838 reseruaret‚
995 1763 1057 1824 et
1102 1779 1197 1825 res
1243 1759 1792 1826 commendabilior
1835 1759 1950 1823 deo
1996 1758 2187 1837 fieret,
2236 1775 2390 1840 quae
2432 1758 2664 1823 famam

415 1863 731 1943 publicam
778 1863 1132 1927 deuitasset.
1203 1864 1310 1929 sed
1356 1868 1568 1928 tamen
1578 1913 1595 1946 ‚
1645 1862 1805 1945 quod
1852 1860 2268 1926 confitendum
2313 1862 2442 1941 est,
2489 1877 2663 1941 prae-

351 1987 398 2026 15
415 1964 664 2047 cipuum
709 1965 865 2030 illud
914 1967 1065 2048 fuit,
1113 1968 1258 2047 quia
1303 1967 1569 2047 scriptor
1614 1965 1724 2030 ille
1739 2014 1756 2048 ‚
1805 1968 1878 2028 ut
1919 1965 2221 2047 legimus,
2267 1962 2525 2027 humilis
2568 1964 2668 2027 est

414 2069 478 2133 in
524 2068 720 2133 oculis
765 2071 890 2134 suis
935 2072 1000 2132 et
1046 2069 1189 2133 uilis
1233 2069 1376 2145 sibi,
1424 2069 1717 2151 exiguum
1762 2086 1827 2132 se
1859 2067 2107 2149 penitus
2138 2068 2324 2148 atque
2368 2066 2665 2130 ultimum

415 2174 659 2253 putanS,
708 2176 771 2236 et
814 2172 960 2251 hoc,
1009 2174 1171 2255 quod
1216 2173 1419 2237 maius
1466 2173 1591 2252 est,
1640 2190 1812 2236 mera
1857 2170 1997 2252 fide,
2045 2188 2166 2235 non
2211 2169 2416 2234 officio
2458 2169 2665 2233 humi-

416 2274 619 2340 litatis
666 2278 1033 2358 adsumptae
1067 2277 1175 2339 sed
1207 2274 1420 2339 iudicii
1466 2273 1770 2356 simplicis
1813 2274 2093 2336 ueritate.
2154 2275 2316 2337 unde
2348 2272 2457 2353 est,
2504 2269 2668 2351 quod
2691 2274 2771 2339 15

417 2378 548 2442 iure
592 2396 659 2442 se
707 2379 901 2443 etiam
946 2379 1023 2443 ab
1069 2378 1209 2443 aliis
1255 2378 1448 2443 talem
1480 2377 1842 2442 habendum
1870 2375 2117 2457 putans,
2166 2375 2369 2456 qualis
2401 2393 2438 2438 a
2468 2379 2666 2439 semet

352 2482 548 2564 2oipso
616 2482 966 2556 haberetur,
1038 2484 1200 2547 recte
1265 2481 1496 2546 libellis
1564 2482 1694 2545 suis
1761 2478 2033 2544 alienum
2094 2496 2316 2543 nomen
2383 2478 2665 2553 inseruit,

420 2585 659 2649 scilicet
703 2604 780 2649 ne
828 2585 1271 2650 auctoritatem
1316 2584 1671 2648 salubribus
1703 2581 1954 2665 scriptis
1996 2599 2290 2663 personae
2336 2598 2483 2646 suae
2528 2600 2671 2664 par-

419 2687 585 2752 uitas
654 2690 1011 2771 derogaret3
1078 2690 1284 2753 omnia
1349 2688 1516 2752 enim
1584 2687 1920 2751 admodum
1984 2685 2155 2750 dicta
2222 2685 2386 2749 tanti
2455 2684 2669 2749 existi-

422 2794 694 2874 mantur,
754 2794 1024 2873 quantus
1088 2791 1183 2854 est
1238 2792 1369 2871 ipse
1417 2790 1522 2871 qui
1583 2788 1759 2853 dixit.
1838 2789 2144 2870 siquidem
2203 2790 2338 2852 tam
2379 2786 2674 2852 inbecilla

421 2897 568 2959 sunt
608 2894 871 2959 iudicia
936 2893 1119 2958 huius
1188 2894 1479 2975 temporis
1525 2912 1597 2957 ac
1639 2911 1835 2974 paene
1890 2892 2023 2956 tam
2069 2892 2274 2973 nulla,
2341 2895 2414 2956 ut
2459 2891 2525 2956 hi
2568 2893 2674 2974 qui

356 3023 405 3064 25
422 2996 641 3081 legunt
700 3016 822 3063 non
882 2999 1017 3063 tam
1063 2996 1448 3064 considerent
1509 2996 1657 3078 quid
1717 2997 1932 3077 legant
1990 3014 2175 3077 quam
2221 2996 2397 3060 cuius
2441 2996 2671 3079 legant,

421 3118 534 3165 nec
578 3105 710 3165 tam
766 3100 1053 3166 dictionis
1113 3101 1244 3165 uim
1290 3104 1476 3183 atque
1519 3100 1821 3164 uirtutem
1867 3117 2055 3182 quam
2099 3098 2352 3164 dictoris
2399 3099 2673 3183 cogitent

423 3203 815 3286 dignitatem.
892 3204 1125 3269 idcirco
1190 3204 1382 3287 igitur
1447 3204 1713 3284 scriptor
1771 3202 1882 3267 ille
1938 3201 2235 3267 abscondi
2291 3220 2364 3266 ac
2420 3201 2674 3267 latitare
2697 3205 2777 3271 16

425 3308 710 3371 omnibus
755 3307 954 3370 modis
1001 3306 1224 3389 uoluit,
1268 3326 1345 3370 ne
1389 3305 1641 3389 scripta,
1689 3306 1942 3388 quaein
1974 3325 2038 3370 se
2069 3306 2300 3371 habent
2329 3304 2674 3388 plurimum

629 3493 659 3545 7
698 3494 894 3547 Matth.
933 3494 983 3561 6,
1017 3494 1051 3547 3

525 3664 559 3718 3
594 3663 810 3719 inanem
847 3680 944 3719 om.
976 3681 1020 3733 p
1223 3663 1258 3717 5
1301 3661 1612 3716 cumendare
1661 3663 1717 3716 Β
1925 3664 1958 3717 6
1993 3678 2153 3732 quam
2187 3678 2324 3732 quae
2359 3677 2427 3716 cx
2461 3677 2677 3732 quaqu

426 3750 481 3803 Β
515 3766 654 3805 corr.
693 3767 760 3804 m.
786 3753 827 3806 2
1018 3751 1048 3803 7
1085 3750 1275 3819 inquid
1309 3749 1364 3802 Β
1552 3749 1586 3803 8
1619 3750 1801 3801 noster
1836 3764 1937 3805 om.
1964 3765 2010 3818 p
2196 3748 2262 3801 10
2295 3765 2356 3802 ex
2391 3747 2675 3802 Halmiusz

425 3852 480 3890 e*
513 3837 568 3890 Β
621 3838 667 3890 ei
698 3854 744 3907 p
936 3837 1000 3891 12
1035 3838 1189 3890 tanto
1229 3839 1291 3902 (s.
1329 3852 1359 3889 o
1393 3851 1495 3890 scr.
1530 3838 1588 3902 fi)
1624 3834 1781 3889 modo
1818 3835 1873 3888 Β
2073 3833 2140 3888 14
2175 3834 2532 3888 confitendum
2568 3834 2680 3887 fuit

422 3939 462 3991 Ρ
657 3923 722 3977 16
757 3939 810 3976 se
846 3939 907 3978 ac
943 3923 1156 3992 penitus
1193 3921 1299 3976 del.
1335 3937 1394 3975 ac
1429 3921 1510 3987 Β,
1548 3926 1602 3975 et
1627 3937 1673 3989 p
1871 3920 1935 3975 17
1971 3922 2145 3989 magis
2168 3922 2251 3974 est
2287 3920 2342 3973 Β
2534 3935 2679 3974 mera

426 4010 741 4065 Hartelius:
795 4012 933 4064 mira
968 4008 1295 4064 BHalmiws
1475 4009 1543 4062 22
1578 4006 1864 4061 admodum
1897 4012 2033 4063 mut.
2069 4023 2137 4060 m.
2173 4009 2214 4062 2
2247 4008 2311 4062 in
2348 4023 2380 4061 a
2415 4007 2569 4061 modo
2604 4007 2678 4074 B,

426 4098 481 4148 et
512 4112 553 4163 p
748 4096 815 4149 24
849 4094 1047 4149 iuditia
1082 4094 1137 4147 Β
1339 4108 1471 4162 pene
1507 4109 1574 4147 ex
1607 4108 1746 4161 pena
1780 4092 1835 4146 Β
1871 4108 2010 4147 corr.
2045 4109 2115 4147 m.
2138 4097 2178 4148 2
2367 4093 2449 4146 hii
2473 4110 2519 4162 p
2555 4101 2677 4159 (om.

427 4180 723 4249 Baluzius)
929 4182 998 4235 25
1042 4179 1172 4249 quid
1221 4180 1410 4249 legunt
1458 4180 1512 4233 Β
1718 4178 1784 4230 26
1820 4178 2040 4232 dictoris
2076 4178 2131 4231 Β
2165 4183 2217 4233 et
2250 4179 2677 4234 Rittershusim:

428 4266 708 4321 dictatoris
736 4284 782 4336 p
988 4268 1054 4322 27
1092 4266 1170 4335 ac]
1208 4270 1265 4321 et
1290 4283 1335 4335 p
1539 4264 1608 4318 28
1642 4264 1845 4318 habent
1871 4271 2062 4333 punct.
2099 4282 2136 4318 n
2171 4265 2226 4319 Β
