3380 4919
682 285 805 353 176
1647 277 1965 331 Saluiani

673 475 779 541 tur
822 471 1114 555 superbia
1157 473 1221 533 et
1249 456 1494 534 tumo'r:
1539 468 1676 532 tam
1716 466 2030 550 peculiare
2063 466 2178 530 hoc
2205 464 2479 530 diuitum
2508 483 2772 548 regnum
2817 470 2931 551 est,

671 578 748 643 ut
791 574 1031 657 aliquid
1074 571 1339 637 forsitan
1382 574 1458 637 de
1502 571 1638 635 iure
1683 587 1793 635 suo
1840 588 1905 634 se
1947 569 2172 651 putent
2200 568 2475 650 perdere,
2522 569 2579 631 si
2622 568 2769 632 hinc
2810 569 2931 634 sibi

670 680 832 745 alius
886 677 1219 760 quicquam
1278 675 1553 739 uoluerit
1612 673 1965 738 uindicare:
2034 674 2389 736 transeatur
2434 672 2699 754 denique
2741 690 2930 755 prope

669 799 851 846 omne
904 779 1222 844 fraudium
1280 777 1636 842 falsitatum
1679 777 2093 858 periuriorum
2138 776 2348 840 nefas:
2412 776 2591 840 nulla
2633 795 2931 858 umquam

562 885 646 951 63
665 885 764 948 his
822 883 1008 947 malis
1052 883 1346 946 Romana·
1387 880 1614 945 ciuitas
1674 882 1894 945 caruit.
1986 881 2109 944 etsi
2167 879 2502 961 specialius
2560 880 2674 945 hoc
2727 882 2930 945 scelus
2972 902 2999 942 ⁵

664 987 965 1053 Afrorum
1013 986 1292 1050 omnium
1323 984 1468 1048 fuit.
1511 1003 1660 1049 nam
1699 983 1862 1048 sicut
1906 986 1972 1048 in
2018 985 2331 1048 sentinam
2360 983 2704 1066 profundae
2748 983 2928 1048 nauis

666 1088 1070 1155 conluuiones
1127 1089 1410 1153 omnium
1456 1088 1754 1167 sordium,
1802 1088 1893 1152 sic
1952 1088 2017 1151 in
2078 1106 2281 1152 mores
2342 1105 2556 1152 eorum
2613 1087 2795 1170 quasi
2854 1090 2929 1153 de

665 1194 837 1257 omni
878 1192 1109 1257 mundo
1155 1193 1316 1257 uitia
1360 1190 1690 1256 fluxerunt.
1765 1191 2006 1255 nullam
2053 1191 2220 1255 enim
2265 1191 2734 1274 improbitatem
2778 1194 2927 1271 scio,

665 1315 825 1379 quae
880 1296 1018 1361 illic
1073 1315 1193 1362 uon
1250 1295 1693 1361 redundauerit
1710 1348 1725 1374 ,
1797 1314 1941 1360 cum
1995 1297 2214 1377 utique
2276 1297 2467 1359 etiam
2523 1314 2803 1378 paganae
2858 1315 2930 1361 ac

667 1399 837 1464 ferae
881 1400 1100 1483 gentes
1118 1448 1135 1480 ,
1198 1398 1320 1464 etsi
1362 1399 1599 1464 habent
1642 1400 2003 1482 specialiter
2054 1398 2225 1463 mala
2283 1399 2563 1480 propria,
2625 1416 2746 1463 non
2802 1401 2929 1464 sint
2950 1422 2998 1462 ιο

562 1501 648 1566 64
664 1506 880 1567 tamen
922 1502 986 1566 in
1031 1503 1130 1566 his
1163 1503 1377 1567 omnia
1421 1503 1804 1569 execratione
1845 1503 2049 1587 digna.
2107 1501 2456 1567 Gothorum
2502 1521 2654 1586 gens
2693 1502 2929 1584 perfida

665 1606 773 1669 sed
818 1605 1048 1687 pudica
1094 1606 1212 1686 est,
1258 1605 1610 1671 Alanorum
1655 1607 1972 1688 impudica
2015 1609 2123 1670 sed
2167 1603 2374 1669 minus
2418 1604 2671 1687 perfida,
2703 1606 2928 1670 Franci

664 1706 992 1771 mendaces
1037 1708 1145 1772 sed
1186 1707 1553 1797 hospitaleS‚
1589 1708 1861 1773 Saxones
1903 1708 2273 1773 crudelitate
2304 1705 2474 1771 efferi
2503 1708 2607 1772 sed
2639 1709 2930 1773 castitate

662 1809 967 1873 mirandi:
1027 1827 1242 1875 omnes
1302 1812 1567 1892 denique
1613 1813 1833 1895 gentes
1890 1811 2122 1876 habent
2168 1811 2336 1874 sicut
2376 1810 2717 1894 peculiaria
2760 1811 2929 1875 mala

663 1913 757 1977 ita
802 1913 994 1977 etiam
1038 1915 1349 1994 quaedam
1392 1916 1569 1981 bona.
1616 1915 1684 1978 in
1730 1914 1904 1980 Afris
1949 1933 2143 1996 paene
2199 1913 2486 1979 omnibus
2532 1914 2737 1979 nescio
2780 1917 2927 1997 quid
2947 1938 2995 1978 ιε,

662 2034 787 2080 non
829 2018 1092 2081 malum.
1172 2021 1227 2082 si
1273 2020 1618 2083 accusanda
1664 2020 1759 2083 est
1804 2018 2235 2083 inhumanitas
2280 2017 2612 2081 inhumani
2657 2019 2823 2095 sunt,
2870 2018 2927 2082 si

665 2120 934 2185 ebrietas
966 2108 1214 2202 ebriosi,
1247 2121 1299 2184 si
1334 2121 1578 2187 falsitas
1610 2122 2021 2201 fallacissimi,
2054 2123 2111 2186 si
2134 2122 2315 2186 dolus
2339 2120 2923 2200 fraudulentissimi,

663 2225 719 2289 si
773 2225 1082 2308 cupiditas
1144 2226 1573 2308 cupidissimi,
1641 2226 1698 2290 si
1757 2225 2023 2307 perfidia
2078 2225 2503 2307 perfidissimi.
2591 2223 2925 2306 impuritas

662 2346 875 2393 eorum
930 2331 1118 2409 atque
1172 2327 1563 2411 blasphemia
1617 2330 1715 2393 his
1780 2329 2066 2393 omnibus
2125 2327 2525 2393 admiscenda
2579 2347 2701 2392 non
2757 2328 2926 2411 sunt,

663 2433 811 2515 quia
855 2432 982 2497 illis
1040 2449 1198 2514 quae
1243 2450 1435 2514 supra
1479 2431 1755 2497 diximus
1822 2431 2010 2498 malis
2072 2431 2342 2496 aliarum
2399 2433 2685 2514 gentium
2748 2432 2923 2511 uitia,
2944 2455 2995 2497 ω

664 2533 760 2599 his
804 2536 1014 2600 autem
1061 2536 1252 2599 etiam
1297 2555 1410 2601 sua
1455 2538 1591 2618 ipsa
1634 2537 1946 2601 uicerunt.

560 2678 644 2744 65
748 2673 923 2738 XVI.
973 2674 1067 2737 Ac
1123 2673 1431 2755 primum,
1489 2674 1561 2736 ut
1620 2672 1697 2736 de
1741 2670 2110 2753 impuritate
2154 2670 2473 2749 dicamus,
2528 2671 2666 2752 quis
2727 2672 2927 2736 nescit

662 2776 942 2842 Africam
987 2778 1184 2841 totam
1235 2776 1518 2840 obscenis
1565 2776 1904 2841 libidinum
1946 2773 2151 2839 taedis
2196 2793 2438 2857 semper
2482 2775 2705 2838 arsisse
2728 2822 2743 2852 ‚
2802 2791 2926 2838 non

661 2880 737 2944 ut
779 2879 1016 2944 terram
1060 2897 1131 2944 ac
1175 2879 1386 2943 sedem
1431 2878 1780 2958 hominurn,
1837 2878 1945 2943 sed
1991 2879 2064 2941 ut
2108 2878 2380 2943 Aetnam
2425 2883 2604 2960 putes
2650 2877 2925 2959 impudi-

665 3000 879 3046 carum
910 2981 1098 3046 fuisse
1129 2980 1574 3047 flammarum?
1605 3001 1754 3047 nam
1786 2982 1953 3046 sicut
1977 2981 2184 3045 Aetna
2211 2977 2525 3045 intestinis
2549 2980 2924 3062 quibusdam
2940 3006 2992 3049 25

663 3085 923 3148 naturae
968 3084 1272 3149 feruentis
1318 3084 1642 3151 ardoribus
1689 3086 1782 3150 sic
1827 3085 1939 3149 illa
1983 3084 2414 3150 abominandis
2458 3083 2692 3167 iugiter
2729 3082 2923 3147 forni-

664 3184 982 3251 cationum
1029 3186 1283 3268 ignibus
1328 3187 1664 3253 aestuauit.
1736 3206 1851 3253 nec
1897 3187 2037 3252 uolo
2082 3187 2148 3251 in
2193 3186 2309 3264 hac
2352 3206 2418 3250 re
2465 3183 2921 3251 adsertionibus

662 3289 820 3354 meis
867 3290 1054 3365 credi,
1103 3289 1534 3354 testimonium
1577 3292 1931 3372 requiratur
1975 3290 2219 3372 generis
2262 3290 2540 3355 humani.
2617 3287 2754 3371 quis
2798 3305 2922 3352 non

663 3410 874 3457 omnes
921 3392 1173 3457 omnino
1207 3392 1393 3458 Afros
1438 3393 1814 3475 generaliter
1856 3392 2202 3475 impudicos
2248 3393 2406 3457 sciat
2451 3393 2570 3456 nisi
2616 3392 2693 3456 ad
2739 3393 2925 3455 deum

561 3501 643 3566 66
663 3497 821 3561 forte
867 3514 1212 3577 conuersos,
1260 3496 1327 3562 id
1372 3498 1468 3562 est
1512 3497 1630 3562 fide
1659 3515 1734 3563 ac
1776 3495 2077 3581 religione
2108 3498 2431 3562 mutatos?
2487 3496 2595 3560 sed
2642 3496 2756 3559 hoc
2787 3496 2992 3561 tameo

763 3785 800 3837 4
851 3800 1059 3837 omnem
1111 3785 1168 3838 B
1376 3785 1410 3839 5
1454 3786 1560 3839 etsi
1596 3802 1664 3840 ex
1700 3789 1754 3840 et
1791 3802 1847 3839 se
1882 3787 1938 3840 A
1972 3802 2112 3841 corr.
2148 3802 2217 3840 m.
2252 3788 2318 3840 2:
2372 3789 2427 3838 et
2471 3785 2527 3841 B
2735 3784 2766 3837 7
2821 3784 2922 3837 im·

661 3885 835 3923 mores
869 3872 925 3922 A
1127 3871 1208 3940 de]
1247 3872 1306 3925 in
1343 3872 1398 3925 B
1596 3873 1663 3926 10
1699 3873 1872 3941 fereae
1907 3872 2004 3927 sed
2040 3887 2100 3926 ae
2128 3876 2326 3940 punct.
2361 3872 2445 3925 A:
2499 3872 2696 3925 ferreae
2729 3869 2785 3922 B

663 3954 730 4007 12
771 3954 1002 4009 Franoes
1049 3955 1106 4009 Β
1315 3956 1378 4010 17
1426 3957 1622 4011 ebriosi
1660 3960 1787 4011 sunt
1824 3958 1989 4023 Bw)
2194 3956 2265 4010 20
2298 3956 2524 4010 aliorum
2551 3960 2779 4023 praeter
2813 3954 2926 4008 BT

663 4040 827 4093 etiam
861 4044 917 4094 A
930 4081 944 4107 ‚
998 4042 1143 4109 quod
1175 4042 1437 4096 Halmius
1471 4058 1585 4097 non
1619 4043 1810 4097 adnot.
2018 4044 2087 4097 24
2132 4043 2350 4098 ethnam
2388 4042 2442 4095 B
2459 4042 2550 4107 (Τ)
2587 4043 2716 4095 item
2745 4040 2922 4109 paulo

654 4132 784 4194 post
819 4126 983 4181 ethna
1188 4127 1257 4181 26
1292 4128 1558 4182 feruentes
1595 4129 1651 4182 B
1855 4131 1924 4184 29
1958 4129 2255 4198 impudicos
2293 4130 2615 4199 generaliter
2648 4127 2723 4195 B,
2776 4126 2921 4180 idem

661 4213 843 4267 statim
878 4213 1017 4267 forte
1052 4213 1120 4266 ad
1156 4213 1315 4267 deum

148 4385 861 4805 N
