3380 4919
1295 336 1592 403 epistola
1637 336 1822 391 VIIII.
2556 341 2685 406 223

427 525 752 606 scripsisse
817 525 1072 603 dicitur,
1140 544 1249 607 per
1306 544 1490 607 quem
1546 526 1783 591 factum
1842 526 1939 590 est
1981 529 2054 589 ut
2098 526 2489 592 scriberetur.
2563 527 2787 594 hac20

427 646 616 693 causa
659 630 853 712 igitur
895 628 959 692 in
1016 628 1204 693 titulo
1261 628 1621 694 libellorum
1663 628 1977 693 Timothei
2022 645 2247 692 nomen
2304 629 2674 711 inscriptum

427 735 540 797 est.
614 749 954 814 congruum
1013 732 1321 812 siquidem
1378 734 1644 814 scriptor
1689 733 1800 797 ille
1844 732 2242 807 existimauit,
2301 736 2371 797 ut
2418 750 2562 795 cum
2609 733 2674 796 in

424 834 722 898 honorem
767 834 870 899 dei
914 834 1160 899 libellos
1206 835 1522 918 scriberet,
1583 838 1706 918 ipsi
1750 837 2097 901 diuinitatis
2143 835 2361 901 honori
2407 836 2676 899 titulum

380 938 831 1004 sconsecraret.
906 938 1123 1017 habam,
1185 956 1219 1002 o
1281 939 1369 1004 mi
1433 938 1675 1017 Saloni,
1739 940 1966 1004 caritas
2027 957 2195 1017 mea,
2259 938 2447 1003 habes
2508 938 2671 1019 quod

427 1042 705 1122 exegisti,
751 1040 988 1123 inpleui
1033 1060 1185 1124 opus
1231 1042 1508 1106 muneris
1554 1042 1842 1126 inperati.
1905 1043 2186 1124 superest
2231 1042 2319 1117 ut,
2368 1043 2513 1121 quia
2555 1058 2669 1123 ego

426 1163 564 1209 sum
619 1144 871 1209 functus
930 1144 1212 1227 partibus
1259 1145 1450 1223 meiS,
1499 1147 1564 1209 et
1607 1148 1678 1209 tu
1725 1144 2002 1227 fungaris
2046 1144 2208 1225 tuis,
2256 1144 2319 1208 id
2367 1147 2488 1224 est,
2535 1161 2670 1207 ores

427 1246 747 1312 dominum
813 1248 998 1313 deum
1068 1250 1347 1313 nostrum
1394 1250 1457 1312 et
1521 1251 1752 1315 orando
1819 1248 2117 1329 inpetre8‚
2187 1252 2257 1313 ut
2325 1246 2523 1312 libelli
2592 1247 2671 1312 ad

427 1350 752 1415 ecclesiam
783 1349 1018 1415 Christi
1063 1351 1292 1415 honore
1325 1351 1662 1432 conscripti
1693 1351 1940 1415 tantum
1974 1351 2136 1434 apud
2168 1353 2353 1416 deum
2384 1349 2672 1431 scriptori

357 1476 409 1516 ιο
426 1468 534 1517 suo
590 1453 848 1534 prosint,
907 1457 1210 1536 quantum
1273 1473 1372 1519 eos
1429 1455 1723 1535 prodesse
1779 1455 1910 1537 ipse
1957 1454 2243 1519 omnibus
2287 1455 2480 1534 cupit.
2556 1471 2670 1518 nec

425 1556 751 1638 iniustum,
796 1561 966 1637 pute,
1013 1559 1110 1621 est
1153 1556 1549 1634 desiderium,
1596 1576 1717 1639 quo
1764 1559 2012 1621 tantum
2048 1556 2172 1620 sibi
2217 1556 2442 1637 aliquis
2487 1574 2668 1637 prae-

426 1661 576 1724 stari
643 1661 917 1740 postulat
983 1678 1094 1741 pro
1161 1660 1381 1735 salute,
1450 1662 1754 1743 quantum
1824 1663 1952 1743 ipse
2023 1664 2197 1743 optat
2258 1659 2500 1724 cunctis
2557 1677 2666 1741 pro

425 1763 699 1828 caritate.
775 1764 930 1840 uale,
977 1764 1064 1827 mi
1110 1761 1339 1845 Saloni,
1386 1766 1575 1829 decus
1621 1767 1898 1829 nostrum
1944 1765 2132 1846 atque
2178 1764 2546 1828 subsidium.

526 2052 554 2105 1
592 2051 797 2104 factum
832 2067 902 2105 ex
936 2051 1112 2105 factus
1146 2052 1201 2106 Β
1235 2068 1375 2106 corr.
1413 2068 1481 2105 m.
1518 2055 1559 2107 2
1592 2054 1723 2107 item
1756 2052 1942 2107 statim
1977 2024 2074 2106 huc
2112 2068 2182 2106 cx
2215 2052 2343 2106 haec
2541 2036 2672 2104 2'in

424 2136 646 2190 titulum
691 2154 737 2206 Ρ
940 2139 975 2191 4
1024 2137 1269 2192 libellum
1314 2155 1359 2207 Ρ
1563 2139 1727 2192 titulo
1763 2140 1817 2193 Β
1862 2138 1993 2205 fort.
2029 2144 2173 2192 recte
2379 2138 2412 2191 5
2464 2137 2672 2190 karitas

424 2224 480 2277 Β
699 2225 729 2277 7
783 2223 1002 2277 functus
1057 2239 1176 2278 sum
1218 2239 1264 2292 Ρ
1485 2222 1641 2277 hores
1684 2230 1880 2291 pwnct.
1935 2222 1971 2275 h
2026 2223 2082 2277 Β
2307 2220 2342 2275 8
2395 2222 2454 2275 id
2505 2222 2672 2289 impe-

425 2312 530 2364 tres
557 2327 602 2378 Ρ
809 2311 870 2364 11
909 2310 1050 2378 quod
1078 2317 1269 2377 punct.
1308 2310 1343 2362 d
1378 2309 1433 2362 Β
1639 2309 1704 2363 13
1751 2309 1934 2364 Saloni
1970 2310 2267 2364 Bazwius:
2325 2325 2420 2364 om.
2461 2306 2539 2375 B,
2596 2307 2676 2362 mi

428 2395 606 2451 Saloni
641 2412 740 2452 om.
772 2413 815 2466 Ρ
870 2397 939 2465 cf.
976 2403 1024 2462 §-
1063 2399 1110 2450 5.
