3380 4919
661 281 792 347 280
1637 277 1950 331 Saluiani

550 469 638 536 36
655 468 891 533 honore
959 468 1341 550 superarent.
1425 468 1574 550 quid
1640 468 1810 533 enim
1876 470 2103 533 rectius
2174 467 2322 552 quid
2389 469 2589 553 magis
2656 469 2914 549 iustum,

657 590 845 655 quam
904 572 976 637 ut
1041 570 1150 652 qui
1196 570 1488 636 meliores
1547 572 1697 636 sunt
1757 570 1921 635 idem
1982 571 2173 636 etiam
2220 572 2645 637 honoratiores
2692 577 2914 654 essent,

655 675 763 757 qui
806 673 1070 739 uincunt
1126 674 1358 740 iudicio
1414 673 1581 738 idem
1625 675 1951 739 uincerent
1994 675 2289 756 praemio,
2340 673 2448 757 qui
2494 675 2805 740 antistant
2848 675 2916 741 in

656 776 978 862 euangelio
1021 795 1194 843 sacro
1239 777 1405 841 idem
1436 794 1678 858 quoque
1708 778 1775 840 in
1807 779 2187 843 testamento
2217 776 2491 842 humano
2522 779 2917 861 antistarent,

657 882 721 944 et
765 880 882 944 hac
927 881 1143 945 saltim
1188 898 1254 944 re
1296 881 1699 944 concordaret
1743 896 1888 945 cum
1931 882 2257 945 uoluntate
2297 879 2537 945 Christi
2585 881 2918 962 parentum
2964 903 2988 942 5

654 983 860 1066 pietas
909 1000 982 1047 ac
1026 983 1340 1061 uoluntas,
1394 984 1467 1048 ut
1511 1000 1663 1064 quos
1712 983 1861 1048 deus
1905 983 2363 1066 praeposuisset
2419 983 2721 1049 electione
2780 1001 2918 1048 eos-

659 1087 802 1149 dem
865 1084 1058 1149 etiam
1120 1087 1412 1168 parentes
1478 1088 1925 1168 anteponerent
1992 1086 2317 1170 dignitate.
2395 1087 2501 1151 sed
2547 1103 2667 1150 non
2710 1087 2917 1151 solum

656 1189 773 1254 hoc
817 1206 941 1253 non
988 1188 1217 1272 agitur,
1266 1190 1372 1253 sed
1418 1190 1482 1253 111
1515 1189 1834 1253 diuersum
1866 1191 2075 1254 omnia
2106 1191 2395 1272 aguntur.
2459 1191 2921 1270 praeponuntur

659 1292 824 1356 enim
873 1292 1047 1375 puris
1104 1291 1544 1357 commaculati
1589 1293 2048 1374 praeponuntur
2104 1292 2391 1358 fidelibus
2434 1291 2613 1374 inpii,
2659 1310 2919 1374 praepo·

658 1398 895 1461 nuntur
959 1396 1185 1461 lumini
1229 1396 1522 1460 tenebrae
1585 1394 1987 1476 praeponitur
2042 1398 2212 1459 terra
2278 1395 2467 1471 caelo,
2515 1394 2919 1476 praeponitur
2938 1420 2992 1459 ιο

659 1501 929 1564 mundus
994 1500 1125 1563 deo.
1201 1501 1265 1562 et
1320 1515 1612 1562 euasuros
1671 1517 1738 1563 se
1795 1496 2147 1562 huiusmodi
2215 1501 2501 1580 parentes
2544 1498 2650 1562 uel
2695 1500 2761 1563 in
2807 1498 2919 1563 1100

660 1601 791 1665 solo
860 1601 1163 1665 iudicium
1229 1600 1328 1665 dei
1398 1599 1757 1678 aestimant,
1826 1601 1933 1683 qui
1990 1601 2233 1666 cultum
2293 1601 2392 1666 dei
2433 1602 2502 1664 et
2546 1600 2921 1684 dignitatem

659 1703 876 1767 iudicii
925 1704 1024 1767 sui
1066 1702 1444 1785 indignitate
1489 1701 1915 1768 conculcent?

558 1806 640 1873 37
749 1806 960 1870 VIIII.
1026 1805 1149 1872 Sed
1216 1805 1514 1870 uidelicet
1575 1823 1701 1869 non
1770 1805 2135 1887 contemptu
2192 1804 2294 1869 dei
2357 1807 2576 1871 dicunt
2631 1808 2919 1888 parentes

660 1909 813 1973 haec
860 1927 897 1973 a
942 1926 1006 1972 se
1061 1909 1196 1973 fieri
1263 1908 1373 1973 sed
1440 1926 1625 1973 causa
1694 1908 1884 1989 atque
1941 1907 2201 1973 ratione.
2280 1908 2503 1991 quibus
2570 1908 2755 1986 enim,
2824 1910 2998 1975 iri-1⁵

662 2011 907 2095 quiunt,
955 2011 1242 2076 relictam
1282 2011 1704 2076 substantiam
1734 2010 2022 2075 relicturi
2052 2014 2199 2075 sunt
2232 2011 2393 2076 filios
2425 2030 2546 2077 non
2579 2010 2921 2076 habentes?

661 2114 869 2179 dicam
932 2115 1177 2196 quibus,
1238 2132 1351 2179 nec
1400 2113 1747 2179 nominabo
1795 2133 1915 2189 eos,
1980 2131 2133 2196 quos
2176 2131 2371 2199 supra
2413 2114 2558 2195 dixi,
2619 2132 2921 2197 pauperes

661 2216 782 2302 dei,
829 2236 954 2283 non
999 2217 1233 2282 alienos
1272 2219 1387 2283 aut
1432 2218 1616 2300 longe
1662 2215 1918 2298 positos,
1963 2234 2041 2280 110
2087 2218 2314 2282 durum
2350 2222 2459 2283 aut
2502 2216 2921 2281 inhumanum

663 2320 823 2385 forte
887 2319 1197 2385 uideatur.
1271 2319 1415 2385 illos
1485 2320 1626 2386 dico
1687 2337 1859 2386 caros
1907 2323 1970 2384 et
2014 2319 2369 2385 indiuiduos
2421 2322 2489 2384 et
2545 2337 2698 2402 quos
2755 2321 2923 2385 recte

663 2422 858 2490 etiam
899 2441 1034 2509 uos,
1082 2425 1187 2507 qui
1233 2424 1469 2490 multas
1512 2423 1766 2489 suboles
1811 2422 2077 2503 hebetia
2122 2422 2271 2489 filiis
2319 2422 2684 2489 antefertis:
2753 2424 3002 2506 ipsosso

662 2545 729 2592 se
774 2528 1032 2610 inquam
1074 2527 1376 2610 homines,
1439 2547 1471 2592 o
1518 2526 1937 2593 infidelissimi
1979 2527 2288 2609 parcum,
2346 2529 2513 2610 ipsos
2559 2545 2624 2591 se
2668 2527 2925 2607 inquam

663 2629 945 2695 dicimus.
1022 2630 1329 2713 numquid
1389 2633 1596 2713 potest
1654 2630 1918 2698 cuilibet
1975 2630 2318 2713 quidquam
2364 2648 2432 2695 se
2474 2630 2612 2710 ipso
2672 2627 2926 2710 propius

661 2732 966 2815 numquid
1027 2734 1232 2798 carius
1292 2732 1607 2798 inueniri?
1678 2751 1858 2800 suam
1917 2734 2248 2817 unicuique
2308 2738 2597 2799 uestrum
2643 2732 2928 2798 animam

556 2833 644 2901 38
663 2854 844 2901 suam
908 2836 1185 2901 salutem
1251 2854 1431 2901 suam
1499 2854 1671 2919 spem
1733 2838 2259 2910 commendamus.
2336 2842 2397 2903 et
2460 2838 2594 2918 pios
2639 2855 2749 2902 uos
2789 2851 2926 2900 esse

665 2937 891 3017 dicitis,
933 2938 1044 3021 0111
1087 2937 1250 3003 filios
1295 2939 1624 3022 diligatis?
1699 2940 1863 3004 1111111
1907 2942 2090 3023 plane
2137 2940 2353 3008 durius
2400 2940 2577 3006 uobis
2620 2938 2782 3004 1111111
2825 2938 2923 3004 in-
2944 2964 3003 3008 2⁶

665 3042 1018 3124 humaniue,
1078 3041 1239 3106 nihil
1296 3044 1428 3107 tam
1487 3042 1712 3123 ferum,
1775 3044 1936 3110 nihil
1981 3045 2114 3109 tam
2157 3044 2406 3126 inpium
2449 3041 2575 3109 dici
2618 3044 2843 3124 potest,
2890 3058 2929 3104 a

668 3143 897 3229 quibus
956 3145 1264 3227 inpetrari
1331 3144 1584 3210 omni-no
1646 3164 1777 3213 11011
1842 3147 2052 3229 potest
2116 3150 2191 3212 ut
2257 3163 2369 3212 uos
2443 3145 2610 3228 ipsos
2684 3142 2927 3210 ametis.

767 3334 802 3387 3
856 3334 1135 3388 antestant
1188 3349 1256 3387 ex
1306 3335 1578 3390 antistant
1630 3350 1769 3389 corr.
1808 3351 1876 3390 m.
1916 3337 1957 3389 2
2003 3334 2059 3388 B
2112 3341 2164 3389 et
2214 3335 2405 3390 statim
2460 3335 2794 3388 antester-ent

663 3417 696 3474 5
735 3420 930 3474 saltem
967 3436 1038 3475 ex
1072 3420 1256 3474 saltim
1293 3436 1432 3477 corr.
1455 3437 1525 3477 m.
1548 3422 1589 3474 2
1622 3419 1680 3474 A
1871 3419 1905 3475 9
1938 3417 2251 3474 fidedelibus
2278 3424 2475 3489 pwnct.
2505 3419 2601 3473 alt.
2640 3415 2703 3472 de
2738 3419 2794 3472 A

664 3501 734 3559 1¹0
778 3511 908 3575 post
957 3506 1205 3559 tenebrae·
1249 3504 1381 3559 add.
1432 3520 1497 3574 p:
1544 3505 1901 3574 'praeponitur
1951 3506 2076 3558 uita
2128 3504 2294 3558 morti
2501 3501 2567 3557 12
2620 3502 2934 3557 existimant

663 3591 1068 3650 mttershmm
1266 3592 1342 3646 20
1386 3592 1593 3646 soboles
1628 3592 1685 3645 Β
1887 3592 2035 3660 ipsos
2048 3618 2113 3629 -
2128 3592 2377 3659 parentes
2418 3590 2765 3645 aberratione
2800 3601 2931 3643 ocu-

665 3677 845 3732 lorum
879 3694 980 3732 om.
1016 3678 1097 3740 A;
1147 3682 1384 3732 ceterum
1418 3679 1552 3732 haec
1586 3677 1758 3732 uerba
1797 3681 1848 3731 et
1882 3692 2021 3745 seqq.
2058 3678 2201 3745 ipsos
2238 3694 2279 3730 s,
2304 3676 2341 3728 i.
2380 3675 2607 3730 dicimus
2641 3691 2783 3729 sana
2819 3690 2937 3729 non

663 3769 824 3829 omn,-
870 3764 1002 3829 fort.
1037 3762 1227 3817 scrib..-
1253 3762 1396 3831 dpsis
1431 3763 1748 3831 relinquant
1783 3761 2045 3828 homines,
2076 3778 2129 3819 o.
2163 3762 2202 3815 1.
2239 3777 2309 3830 p.‚
2358 3761 2492 3831 ipsis
2526 3762 2747 3830 inquam
2785 3760 2935 3831 [dici-

663 3849 831 3918 mus];
880 3848 1182 3903 Har-telius
1215 3850 1564 3917 suspicatur.-
1612 3850 1759 3917 ipsos
1795 3862 1907 3901 esse
1941 3849 2164 3917 inquam
2198 3847 2460 3912 homines,
2503 3864 2561 3902 ·o.
2598 3848 2635 3902 i.
2670 3864 2745 3917 p.‚
2793 3848 2936 3916 ipsos

667 3941 742 4011 [se
771 3934 1012 4005 inquam]
1051 3934 1281 3988 dicimus
1459 3934 1522 3989 21
1561 3934 1709 4003 ipsos
1727 3969 1728 3972 η
1746 3949 1803 3987 se
1834 3949 1878 3987 s.
1916 3933 2059 4003 ipsos
2081 3950 2184 3989 eor.
2211 3950 2281 3990 m.
2303 3937 2345 3989 2
2369 3934 2405 3987 b
2428 3950 2472 3989 e.
2509 3951 2566 3988 00
2598 3949 2705 3990 scr.
2742 3949 2791 3997 a,
2827 3949 2937 4002 quo

660 4021 1006 4091 sianffioetwr
1048 4020 1469 4090 trmpommda
1510 4037 1624 4077 esse
1667 4020 1837 4075 uerba
1878 4020 1934 4075 A
2140 4020 2208 4076 22
2253 4021 2540 4091 quicquam
2576 4022 2697 4091 (sic)
2744 4022 2800 4075 A

664 4106 911 4175 proprius
945 4108 1058 4163 AB
1110 4157 1113 4160 Α
1253 4107 1321 4162 25
1356 4107 1440 4162 1111
1475 4113 1677 4176 quater
1711 4105 1965 4175 deinceps
1998 4107 2055 4161 B
2250 4106 2317 4161 26
2354 4107 2568 4176 inpium
2605 4122 2673 4163 ex
2708 4106 2936 4175 impium

671 4208 810 4250 corr.
846 4208 1052 4248 rasura
1084 4195 1140 4246 A
