3380 4919
642 316 770 385 300
1122 315 1440 370 Saluiani
1476 315 1555 370 ad
1589 315 1951 370 ecclesiam
1996 315 2085 371 111
2133 319 2163 381 β
2198 314 2423 370 94-95,

646 507 834 586 atque
899 503 1299 569 obstaculum
1369 505 1594 586 putant
1662 503 2024 588 cupiditatis
2094 521 2243 568 suae
2307 521 2439 568 esse
2499 505 2662 586 quod
2720 504 2900 570 uiuis.

543 607 628 675 94
645 606 890 688 despice
935 625 1079 690 ergo
1124 607 1234 671 hos
1282 608 1441 673 tales
1488 625 1561 672 ac
1606 606 1767 672 nihil
1812 606 2019 672 facito.
2081 625 2203 672 non
2235 611 2298 672 te
2327 609 2623 673 moueant
2654 606 2902 674 blandi-

645 713 856 775 menta
921 729 1169 776 eorum:
1239 729 1475 776 uenena
1534 710 1655 775 tibi
1712 713 1890 776 sunt:
1960 729 2084 776 non
2150 710 2447 793 respicias
2515 712 2900 777 adulationes

645 832 885 879 eorum:
957 813 1155 897 gladii
1219 815 1365 879 sunt
1430 814 1821 898 iugulatores
1878 817 1973 880 tui
2028 817 2090 879 et
2145 815 2395 897 quidem
2454 814 2673 881 ferreis
2716 814 2903 896 atque

643 916 987 982 hostilibus
1031 917 1261 998 gladiis
1307 919 1653 983 taetriores,
1716 918 1859 983 illos
1890 919 2058 983 enim
2088 918 2374 983 homines
2406 918 2618 984 cuncti
2663 916 2899 996 uident,
2944 936 2972 980 s

642 1020 796 1085 istos
843 1019 1082 1086 incauti
1126 1040 1246 1086 non
1292 1021 1540 1086 uident:
1588 1021 1706 1100 illi,
1754 1021 1901 1103 quia
1946 1027 2158 1105 aperte
2204 1022 2514 1100 saeuiunt,
2559 1020 2900 1102 enitantur,

642 1123 777 1201 isti,
840 1123 990 1206 quia
1048 1124 1293 1189 occulte
1348 1124 1749 1204 insidiantur,
1810 1126 2104 1190 occidunt
2146 1126 2212 1190 et
2256 1126 2372 1190 hoc
2430 1125 2901 1209 periculosiores

645 1228 793 1291 sunt
837 1244 911 1292 ac
957 1244 1113 1292 nouo
1161 1228 1425 1293 nocendi
1469 1247 1690 1312 genere
1736 1229 1993 1310 peioreS,
2041 1228 2205 1311 quod
2251 1228 2382 1293 illis
2413 1228 2626 1293 ferreis
2671 1226 2901 1311 gladiis

644 1348 826 1395 nemo
873 1332 968 1395 est
1010 1330 1259 1414 penitus
1304 1332 1407 1413 qui
1454 1349 1521 1396 se
1564 1331 1731 1397 laedi
1776 1332 1953 1411 uelit,
1999 1330 2136 1397 istis
2167 1331 2357 1397 multi
2387 1349 2454 1396 se
2486 1333 2677 1396 etiam
2708 1329 2904 1396 occidi

643 1433 889 1500 uolunt.
962 1452 1125 1500 noua
1168 1437 1357 1517 atque
1404 1434 1888 1501 inaestimabilis
1934 1434 2087 1501 mali
2131 1436 2340 1501 letalis
2383 1434 2713 1500 inlecebra.
2771 1432 2901 1498 illis
2921 1453 2974 1494 ιο

645 1537 876 1621 gladiis
932 1539 1303 1622 quicumque
1361 1541 1710 1623 percutitur
1754 1542 1817 1604 et
1860 1539 2085 1604 timore
2127 1540 2360 1624 pariter
2406 1541 2469 1603 et
2512 1538 2724 1603 dolore
2771 1537 2903 1601 tor-

542 1635 628 1702 95
647 1642 906 1724 queturt
965 1643 1104 1707 istis
1162 1643 1535 1726 quicumque
1589 1643 1893 1708 occiditur
1948 1642 2317 1708 delectatur.
2393 1641 2541 1726 fuge
2602 1659 2747 1724 ergo
2791 1639 2906 1704 hoc

644 1743 886 1808 malum
954 1743 1102 1828 fuge
1161 1746 1619 1812 adsentationes
1675 1735 2068 1811 insidiantes‘
2098 1745 2238 1824 tibi,
2310 1743 2457 1828 fuge
2515 1742 2899 1826 obsequellas

644 1849 857 1915 noxias
924 1850 1043 1917 tibi
1108 1850 1255 1933 fuge
1312 1850 1590 1916 ambitus
1651 1850 2007 1933 deceptores
2068 1855 2243 1916 tuos:
2310 1850 2436 1916 ista
2482 1850 2631 1915 sunt
2675 1847 2898 1927 officia,

647 1970 806 2035 quae
851 1954 915 2019 te
971 1953 1276 2037 iugulant,
1338 1953 1464 2019 ista
1524 1954 1694 2029 sunt,
1753 1971 1911 2036 quae
1963 1952 2034 2018 *in
2091 1956 2358 2019 mortem
2401 1952 2677 2018 trahunt.
2753 1948 2900 2032 fuge
2919 1972 2974 2014 ιο

648 2073 860 2120 eorum
906 2056 1134 2121 talium
1176 2055 1614 2122 blandimenta
1657 2056 1804 2141 fuge
1851 2076 2063 2123 eorum
2108 2057 2544 2122 sedulitatem:
2602 2054 2708 2121 isti
2752 2054 2903 2119 sunt

649 2156 965 2224 carnifices
1009 2176 1080 2224 ac
1124 2163 1387 2225 tortores
1433 2159 1550 2244 tui,
1597 2159 1705 2242 qui
1737 2161 1801 2226 te
1843 2161 1911 2225 in
1956 2160 2271 2243 praesenti
2307 2159 2558 2242 quidem
2590 2156 2897 2234 ambiunt,

646 2261 758 2327 sed
814 2265 877 2328 in
934 2261 1147 2328 futuro
1207 2265 1438 2328 necant
1496 2264 1561 2328 et
1617 2264 1917 2330 consertis
1976 2265 2429 2347 quodammodo
2484 2261 2775 2326 manibus
2834 2278 2906 2325 ac

645 2367 829 2431 uelut
881 2364 1202 2431 coniurata
1259 2367 1478 2430 mutuo
1536 2365 1803 2432 factione
1862 2368 1927 2431 in
1984 2367 2398 2449 sempiternos
2460 2364 2688 2430 tartari
2730 2365 2904 2446 ignes

646 2487 864 2553 cogere
909 2489 984 2536 ac
1025 2470 1432 2554 praecipitare
1476 2468 1799 2537 conantur.
1882 2473 1946 2537 et
2004 2473 2141 2537 ideo
2186 2490 2312 2536 non
2356 2469 2585 2534 timeas
2630 2484 2733 2534 eos
2779 2484 2903 2531 non
2923 2492 2975 2533 no

647 2591 1051 2656 expauescas:
1097 2574 1264 2657 erige
1306 2575 1588 2639 animum
1635 2576 1701 2641 et
1744 2574 1881 2639 uim
1911 2575 2164 2640 sanctae
2195 2571 2592 2640 auctoritatis
2624 2572 2903 2636 adsume.

646 2679 699 2743 si
746 2677 916 2743 enim
971 2676 1069 2742 illi
1128 2680 1448 2760 tantopere
1504 2678 1876 2744 adnituntur
1930 2678 2006 2743 ut
2057 2695 2293 2760 pereas,
2353 2694 2463 2741 cur
2506 2692 2627 2740 non
2673 2675 2904 2740 maiore

647 2784 719 2845 tu
787 2781 995 2844 animo
1063 2779 1367 2846 adnitaris
1424 2784 1497 2845 ut
1553 2781 1780 2845 ninas?
1852 2779 2198 2845 confortare
2266 2797 2412 2863 ergo
2472 2780 2535 2843 et
2590 2774 2906 2843 constanti

648 2884 857 2948 animo
923 2883 1046 2948 tibi
1113 2885 1381 2949 consule.
1457 2884 1612 2949 satis
1677 2884 1951 2949 infidelis
2007 2900 2103 2948 ac.
2135 2884 2289 2948 satis
2357 2882 2592 2947 stultus
2647 2881 2743 2945 est
2798 2879 2904 2962 qui

648 2986 899 3053 mauult
964 2991 1277 3070 praestare
1345 2988 1485 3054 aliis
1530 2990 1604 3053 ut
1648 2988 1734 3053 sit
1778 2987 1985 3066 miser,
2050 3005 2237 3070 quam
2280 2987 2403 3052 sibi
2447 2988 2518 3051 ut
2560 2985 2644 3050 sit
2687 2982 2975 3049 beatus„

649 3091 716 3155 et
757 3091 831 3155 ut
875 3089 1031 3155 alios
1062 3089 1290 3155 afluere
1321 3090 1520 3156 faciat
1548 3089 1787 3157 deliciis
1816 3090 2236 3172 temporariis,
2280 3108 2345 3155 se
2372 3088 2568 3155 tradit
2595 3085 2906 3152 urendum

647 3191 899 3277 ignibus
953 3193 1371 3276 sempiternis,

750 3433 785 3486 2
838 3429 978 3485 nihil
1028 3446 1070 3485 s.
1114 3446 1219 3486 scr.
1265 3447 1335 3485 m.
1372 3432 1414 3486 2
1458 3432 1536 3485 eis
1581 3431 1637 3485 A
1682 3431 1849 3500 (quod
1895 3431 2081 3486 Halm.
2127 3446 2241 3486 mm
2284 3430 2476 3499 adn.),·
2534 3429 2638 3500 cfr.
2686 3426 2846 3483 ΙΙΙΙ
2872 3430 2909 3481 2

647 3522 701 3572 et
734 3520 806 3572 27
1012 3516 1046 3570 3
1092 3516 1344 3586 respicias
1388 3531 1459 3571 ex
1503 3529 1584 3570 -es
1631 3531 1767 3571 corr.
1814 3533 1882 3570 m.
1918 3517 1960 3571 2
2003 3516 2059 3570 B
2276 3515 2608 3571 adulationes
2653 3529 2720 3569 cx
2764 3512 2910 3568 adol-

648 3617 789 3658 corr.
825 3620 894 3659 m.
929 3605 970 3658 2
1004 3603 1059 3658 A
1275 3604 1309 3660 9
1343 3603 1535 3657 multis
1572 3603 1628 3657 B
1840 3603 1907 3658 10
1941 3601 2330 3672 inaestimabili
2364 3602 2771 3659 Ritterehuems

647 3688 860 3745 laetalis
895 3688 1007 3744 AB
1193 3689 1258 3745 13
1295 3688 1689 3745 assentationes
1726 3705 1794 3745 eoe
1827 3689 1940 3744 ads.
1976 3705 2116 3758 corr.
2150 3706 2222 3744 m.
2257 3691 2299 3745 2
2334 3688 2389 3744 Β
2570 3687 2906 3757 οδεοᾳιιοιιὶαο

649 3774 743 3832 alt.
779 3775 804 3829 l
838 3790 981 3830 eras.
1035 3776 1091 3830 A
1153 3774 1463 3845 obsequelas
1513 3775 1569 3829 B
1769 3776 1845 3831 *16
1896 3791 2075 3831 eorum
2126 3776 2184 3830 A
2239 3790 2369 3844 ergo
2426 3775 2482 3829 B
2528 3777 2732 3844 (eorum
2767 3790 2910 3830 eras.

649 3861 715 3914 in
747 3860 802 3926 b)
991 3860 1184 3915 horum
1216 3861 1274 3915 A
1463 3862 1530 3916 19
1564 3860 1719 3930 ignes
1743 3861 1981 3930 exiguis
2017 3876 2153 3918 corr.
2177 3878 2248 3922 m.
2273 3863 2315 3917 2
2348 3860 2403 3916 Β
2593 3860 2659 3916 21
2697 3876 2911 3916 assume

651 3959 721 3999 ex
754 3943 974 4000 adsume
1010 3950 1064 4000 et
1089 3946 1268 4014 paulo
1294 3952 1426 4014 post
1460 3946 1679 4004 affluere
1714 3963 1784 4001 ex
1817 3947 2011 4002 afluere
2046 3962 2185 4003 corr.
2222 3964 2293 4002 m.
2329 3949 2371 4001 2
2416 3947 2472 4001 B
2677 3945 2743 3999 27
2784 3951 2911 4014 post

650 4030 989 4099 sempiternis
1014 4031 1244 4087 habent.-
1279 4046 1559 4087 nxrnrcrr.
1584 4047 1755 4087 unna
1777 4047 2036 4088 manusz
2068 4036 2229 4100 m'c-rz
2261 4039 2356 4087 mi}
2369 4051 2383 4087 τ
2410 4034 2623 4090 Quium:
2660 4032 2773 4085 AB
