3380 4919
1141 310 1219 363 ad
1257 309 1612 363 eeclesiam
1659 310 1752 365 ΙΙΙ
1788 314 1819 374 ξ
1854 309 2076 363 36—40.
2610 310 2731 375 281

480 501 805 583 pellem,
865 499 1071 581 inquit
1131 499 1412 564 diabolus
1469 499 1535 563 in
1588 498 1921 580 scripturis
1978 497 2189 577 sacris,
2247 498 2541 579 pellem
2602 514 2735 580 pro

482 604 698 686 pelle
743 603 816 668 et
859 604 1141 668 cuncta
1199 620 1390 684 61166
1449 600 1688 665 habet
1751 601 1968 665 homo
2025 599 2253 664 dabit
2298 617 2429 681 pro
2477 600 2738 665 anima

482 726 635 773 6116.
706 705 1184 775 dilectissimam
1229 723 1359 771 esse
1400 704 1674 769 animam
1707 722 1888 768 suam
1931 702 2168 767 homini
2215 703 2736 768 etiam-diabolus

482 829 603 876 non
663 808 938 893 negauit,
1004 809 1072 873 et
1115 809 1221 889 qui
1282 808 1560 872 auertere
1612 808 1863 872 omnino
1912 809 2163 872 cunctos
2203 809 2288 871 ab
2330 805 2556 870 affectu
2599 806 2735 869 ani-

439 931 729 977 smarum
790 929 1044 977 suarum
1109 909 1354 989 nititur,
1420 909 1591 975 idem
1658 914 1873 975 tamen
1925 907 2275 974 carissimas
2341 926 2471 972 esse
2516 908 2739 972 debere

483 1015 724 1080 cunctis
780 1017 1022 1078 animas
1082 1011 1433 1079 confitetur.
1507 1011 1647 1094 quis
1708 1031 1856 1095 ergo
1915 1012 2089 1076 furor
2131 1014 2227 1076 est
2270 1012 2428 1075 niles
2476 1030 2514 1077 a
2553 1010 2737 1076 uobis
2760 1012 2844 1078 39

483 1116 724 1183 animas
768 1120 1011 1181 uestras
1057 1115 1289 1188 haberi,
1339 1133 1490 1196 quas
1530 1114 1729 1180 etiam
1774 1113 2057 1179 diabolus
2102 1117 2287 1195 putat
2332 1132 2460 1179 esse
2503 1115 2738 1197 pretio-

482 1223 628 1285 sas?
672 1221 807 1302 quis
851 1218 1021 1283 furor
1064 1221 1160 1283 est
1205 1218 1362 1284 uiles
1393 1235 1431 1281 a
1460 1217 1638 1283 uobis
1684 1216 1919 1293 haberi,
1968 1235 2121 1298 quas
2168 1217 2365 1282 etiam
2409 1218 2520 1282 ille
2563 1236 2738 1283 caras

483 1322 662 1388 uobis
710 1321 934 1388 debere
979 1339 1112 1387 6666
1158 1320 1327 1400 dicit,
1375 1322 1481 1403 qui
1527 1321 1684 1385 uiles
1732 1320 1932 1384 facere
1980 1322 2286 1385 conatur?
2349 1338 2426 1384 66
2471 1339 2579 1401 per
2624 1322 2739 1386 hoc

411 1449 467 1491 10
484 1425 856 1507 quicumque
921 1424 1163 1491 animas
1218 1443 1362 1488 suas
1408 1425 1771 1507 neglegunt,
1820 1423 2013 1488 etiam
2052 1424 2216 1489 infra
2258 1423 2557 1489 iudicium
2603 1424 2738 1489 dia·

484 1527 614 1595 boli
659 1547 725 1592 se
770 1530 1005 1593 amant.
1083 1544 1240 1609 quae
1301 1546 1442 1593 cum
1500 1529 1592 1592 ita
1651 1526 1797 1608 sint,
1866 1527 2077 1592 uidete
2137 1544 2267 1610 1106,
2336 1527 2443 1608 6111
2502 1526 2741 1608 putatis

485 1630 808 1714 religiosos
853 1631 1134 1695 homines
1178 1647 1304 1694 non
1349 1629 1574 1697 habere
1630 1629 1857 1712 quibus
1917 1629 2275 1712 relinquant
2320 1631 2741 1695 substantiam

486 1752 684 1817 suam,
732 1733 944 1799 uidete
974 1733 1076 1798 1161
1104 1733 1280 1797 iuxta
1309 1732 1545 1797 diaboli
1575 1731 1949 1814 opinionem,
1996 1732 2208 1798 uidete
2239 1733 2296 1797 si
2327 1752 2450 1798 non
2481 1733 2740 1812 habent,

484 1837 593 1919 qui
634 1855 705 1901 66
751 1836 915 1920 ipsos
960 1836 1213 1901 habent.

415 1985 468 2026 ιε
568 1956 648 2021 Χ.
710 1955 1004 2022 Sufficere
1067 1957 1317 2040 quidem
1387 1958 1465 2021 ad
1525 1958 1686 2022 hanc
1749 1956 1987 2038 negotii
2054 1957 2418 2038 portionem,
2487 1957 2561 2022 de
2621 1961 2851 2039 qua40

485 2077 651 2124 nune
695 2059 924 2144 agitur,
970 2061 1124 2124 haee
1167 2078 1324 2141 quae
1364 2060 1496 2123 iam
1526 2060 1795 2125 diximus
1826 2062 1981 2124 satis
2013 2061 2312 2125 arbitror:
2362 2060 2470 2124 sed
2500 2061 2745 2126 ostendi

486 2162 554 2226 id
598 2161 775 2227 uobis
812 2161 1086 2227 forsitan
1110 2181 1240 2228 <non
1268 2164 1418 2228 solis
1444 2163 1795 2228 ‘uirtutibus
1849 2182 2060 2227 161616
2109 2164 2217 2226 6611
2250 2164 2439 2226 etiam
2473 2164 2743 2227 auetori-

486 2265 724 2330 tatibus
768 2267 1188 2348 exemplorum
1232 2265 1618 2331 desideretis.
1679 2266 1912 2346 possim
1958 2265 2213 2346 quidem
2251 2266 2463 2330 dicere
2506 2265 2745 2329 maiora

490 2367 790 2450 exemplis
836 2368 1123 2433 omnibus
1170 2369 1266 2432 dei
1314 2386 1445 2432 esse
1478 2368 1777 2432 mandata
1808 2384 1922 2431 nec
1951 2369 2249 2433 interesse
2281 2366 2361 2432 ad
2394 2370 2744 2450 augendam

419 2500 472 2541 no
490 2473 845 2537 diuinorum
890 2471 1222 2536 uerborum
1260 2471 1724 2550 auctoritatem,
1770 2470 2056 2554 inpleant
2086 2489 2158 2536 ea
2189 2470 2467 2535 homines
2503 2488 2583 2535 an
2624 2490 2747 2535 non

490 2574 790 2657 inpleant,
838 2575 982 2657 quia
1025 2576 1329 2639 uirtutem
1374 2590 1585 2639 eorum
1634 2593 1707 2640 611
1753 2573 1988 2638 domini
2034 2577 2273 2639 certum
2322 2577 2418 2640 est
2468 2574 2747 2639 constare

491 2697 762 2762 persona,
799 2697 922 2744 non
966 2698 1041 2743 ex
1083 2696 1406 2743 seruorum
1451 2678 1869 2758 oboedientia,
1924 2695 2064 2762 nec*
2094 2676 2236 2743 addi
2275 2679 2369 2742 eis
2414 2695 2529 2742 nec
2572 2680 2747 2743 dece-

694 2869 725 2924 1
778 2866 895 2921 Iob.
931 2866 981 2931 2,
1016 2866 1052 2923 4

599 3038 626 3090 1
664 3036 854 3104 inquid
891 3038 945 3090 Β
1141 3036 1390 3090 diabulus
1422 3037 1477 3092 A
1511 3037 1638 3091 item
1661 3039 1748 3103 33,
1785 3043 1982 3091 contra
2010 3040 2082 3091 36
2117 3037 2319 3092 (11611011
2356 3042 2406 3091 et
2440 3040 2514 3092 37
2547 3037 2751 3092 diaboli

491 3136 532 3177 6.
569 3138 672 3177 scr.
719 3138 789 3175 m.
827 3124 869 3175 2
915 3138 950 3174 11
1153 3121 1189 3175 2
1241 3123 1482 3191 cunctaq3
1537 3123 1593 3176 A
1653 3127 1949 3189 cunctaque
2001 3122 2058 3175 B
2195 3111 2198 3114 ¹
2263 3123 2297 3176 3
2350 3121 2751 3176 dilictissimam

492 3210 549 3262 A
740 3208 788 3260 4
821 3208 1049 3275 negabit
1085 3207 1142 3262 B
1344 3209 1379 3261 6
1414 3207 1635 3266 61101116
1669 3208 1809 3262 uiles
1846 3207 1902 3262 B
2011 3229 2014 3234 ·
2105 3208 2173 3261 12
2217 3209 2497 3276 religiosos
2533 3223 2600 3262 ex
2638 3223 2751 3261 -sas

493 3309 635 3358 corr..
666 3311 741 3350 m.
774 3297 816 3350 ‚2
861 3294 917 3348 B
1117 3295 1186 3350 16
1235 3301 1364 3363 post
1405 3293 1645 3352 arbitror
1675 3310 1719 3363 p
1770 3294 1977 3350 61341ᾶῶ
2028 3300 2157 3350 ante
2183 3294 2508 3349 Kalama·
2560 3294 2618 3347 id
2652 3296 2751 3357 est,

493 3380 634 3449 quod
686 3396 1006 3450 praeponere
1052 3382 1224 3435 uitam
1271 3397 1419 3450 spem
1455 3380 1789 3449 salutemque
1825 3383 2059 3433 uestram
2100 3380 2307 3435 cunctis
2342 3380 2558 3433 omnino
2594 3379 2751 3432 rebus

495 3468 656 3536 atque
692 3466 973 3520 affectibus
1009 3467 1248 3522 debeatis
1457 3467 1520 3525 17
1560 3466 1808 3521 forsitam
1844 3466 1899 3519 A
2106 3467 2173 3519 18
2209 3464 2522 3524 desideretis
2557 3464 2750 3533 ABG»

497 3550 810 3605 desideratis
847 3567 971 3607 eum
995 3552 1118 3608 edd.
1141 3549 1420 3616 Halmius,
1456 3569 1614 3622 quem
1637 3552 1885 3608 codicum
1906 3553 2187 3620 scriptura
2207 3551 2353 3621 suffit
2527 3550 2597 3604 19
2626 3555 2753 3617 post

496 3638 750 3692 mandata
774 3654 820 3708 p
858 3643 909 3693 et
939 3638 1061 3693 edd.
1087 3645 1216 3693 ante
1238 3639 1452 3693 Halm:
1489 3639 1782 3694 clamantia
1815 3636 2057 3707 quotidie
2091 3637 2150 3690 in
2185 3637 2287 3691 hoe
2322 3634 2548 3690 mundo:
2583 3636 2754 3690 nolite

497 3724 857 3779 thesaurizans
874 3724 1036 3780 mobis
1058 3726 1336 3780 thesauros
1353 3726 1418 3782 rin
1440 3730 1597 3791 terra,
1627 3723 1986 3780 thesaurizate
2003 3726 2187 3778 autem
2209 3723 2363 3777 uobis
2389 3723 2671 3776 thesauros
2694 3723 2753 3775 16

498 3811 661 3865 caelo.
712 3813 773 3864 et
822 3811 989 3865 stibi:
1048 3826 1408 3881 quaecumque
1461 3812 1620 3867 110160
1664 3811 2038 3877 seminauerit,
2093 3810 2223 3864 11666
2266 3812 2323 3862 et
2375 3810 2558 3862 metet.
2617 3822 2753 3876 quae

497 3896 688 3966 6116116
719 3899 836 3951 tam
868 3897 937 3951 ad
970 3897 1159 3952 mundi
1195 3898 1440 3952 homines
1473 3913 1634 3966 quam
1669 3898 1739 3951 ad
1771 3897 1872 3961 dei,
1909 3900 2024 3951 tam
2046 3895 2115 3950 ad
2137 3911 2225 3950 eos
2246 3893 2508 3965 6111111106
2530 3892 2751 3958 hebent,

502 3999 661 4053 quam
698 3983 765 4037 ad
801 3999 887 4037 eos
922 3984 1016 4052 6111
1050 3999 1155 4037 non
1193 3982 1429 4049 habena·
1451 3999 1614 4053 aeque
1646 3984 1884 4053 pertinet
1918 3983 2016 4048 (sic
2039 3998 2102 4050 p,
2137 3982 2254 4036 rell.
2291 3981 2585 4051 pertinent)
2623 3979 2754 4049 quia

501 4086 621 4124 cum
657 4071 832 4125 uitam
867 4072 1138 4124 aeternam
1175 4070 1358 4124 cuncti
1392 4069 1695 4124 desiderent
1728 4068 2015 4139 possidere,
2055 4084 2174 4122 606
2209 4071 2293 4122 est
2327 4067 2566 4131 dubium,
2612 4064 2755 4135 quod

498 4155 595 4209 ubi
639 4169 744 4224 6161·
794 4155 1167 4209 uniuersorum
1220 4157 1409 4209 uotum
1458 4158 1545 4210 est
1599 4155 1667 4210 ad
1690 4155 2019 4220 'habendum
2073 4169 2253 4225 parem
2302 4169 2415 4207 esse
2459 4168 2639 4208 curam
2687 4152 2756 4206 ad

497 4241 904 4309 promerendum
1110 4242 1174 4295 21
1215 4240 1443 4311 domini]
1481 4241 1569 4296 dei
1606 4240 1662 4296 B
