3380 4919
694 320 778 387 58
1659 314 1977 370 Saluiani

683 528 755 574 ac
819 506 1221 590 municipalis
1277 505 1505 572 iudicis
1573 505 1849 572 domum.
1939 505 2244 586 siquidem
2299 503 2467 568 intra
2532 503 2755 569 ianuas
2821 522 2945 571 non

679 616 861 678 modo
906 610 1267 676 inlustrium
1310 610 1700 694 potestatum
1746 611 1854 673 sed
1900 608 2091 672 etiam
2133 607 2487 689 praesidum
2533 609 2643 672 aut
2685 624 2941 689 praepo-

687 716 953 780 sitorum
997 733 1123 779 non
1165 731 1377 777 omnes
1421 711 1660 795 passim
1707 710 1946 775 intrare
1993 712 2423 792 praesumunt,
2468 710 2591 775 nisi
2636 728 2787 793 quos
2832 714 2945 777 aut

679 819 863 884 iudex
907 818 1146 883 uocarit
1204 820 1316 882 aut
1374 815 1698 900 negotium
1758 815 2017 880 traxerit
2075 818 2183 878 aut
2237 815 2373 896 ipsa
2417 813 2667 878 honoris
2712 815 2943 898 proprii

681 919 959 1006 dignitas
1018 920 1273 984 introire
1329 918 1689 1001 permiserit
1711 969 1725 996 ,
1790 917 1881 982 ita
1936 920 2038 995 ut,
2108 920 2163 983 si
2220 916 2531 999 quispiam
2600 916 2795 982 fuerit
2843 918 2942 981 in-
2982 935 3010 976 5

681 1025 952 1090 solenter
1006 1024 1324 1106 ingressus
1341 1070 1357 1099 ,
1428 1025 1538 1086 aut
1598 1021 1896 1086 caedatur
1957 1021 2066 1084 aut
2121 1018 2505 1104 propellatur
2570 1020 2680 1084 aut
2734 1020 2944 1102 aliqua

575 1127 656 1192 47
679 1124 1093 1190 uerecundiae
1126 1129 1312 1208 atque
1343 1124 1823 1189 existimationis
1870 1141 2016 1187 suae
2045 1123 2187 1186 labe
2216 1123 2541 1188 multetur.
2597 1124 2661 1187 in
2708 1123 2943 1205 templa

681 1231 889 1292 autern
934 1227 1034 1291 uel
1081 1227 1289 1308 potius
1334 1226 1401 1290 in
1447 1227 1674 1291 altaria
1705 1230 1892 1309 atque
1923 1225 1990 1289 in
2023 1225 2301 1290 sacraria
2332 1224 2434 1289 dei
2462 1224 2694 1307 passim
2729 1244 2941 1289 omnes

681 1331 908 1395 sordidi
955 1348 1029 1394 ac
1084 1328 1379 1412 flagitiosi
1424 1331 1560 1395 sine
1604 1331 1737 1394 ulla
1791 1330 2044 1412 penitus
2089 1329 2444 1394 reuerentia
2489 1331 2648 1395 sacri
2693 1329 2940 1394 honoris

678 1433 1070 1515 inrumpunt,
1117 1451 1239 1497 non
1287 1433 1435 1516 quia
1479 1450 1597 1496 non
1643 1451 1858 1497 omnes
1905 1435 1978 1497 ad
2027 1432 2405 1497 exorandum
2452 1435 2637 1497 deum
2692 1451 2939 1497 currere
2957 1454 3010 1495 ιο

682 1537 982 1619 debeant,
1043 1538 1151 1601 sed
1212 1536 1360 1618 quia
1415 1536 1522 1619 qui
1579 1537 1930 1620 ingreditur
1988 1536 2065 1599 ad
2112 1535 2528 1616 placandum,
2590 1554 2713 1601 non
2758 1537 2940 1602 debet

680 1640 889 1725 egredi
934 1641 1012 1704 ad
1073 1640 1593 1705 exacerbandum:
1656 1659 1853 1723 neque
1912 1640 2083 1703 enim
2144 1639 2419 1703 eiusdem
2463 1639 2651 1704 officii
2699 1642 2798 1704 est
2839 1640 2936 1704 in-

573 1748 658 1813 48
679 1744 1067 1827 dulgentiam
1112 1762 1362 1824 poscere
1411 1746 1476 1806 et
1520 1743 1911 1808 iracundiam
1957 1760 2312 1824 prouocare.
2359 1761 2592 1807 nouum
2624 1744 2930 1825 siquidem

676 1849 939 1911 monstri
986 1865 1177 1930 genus
1224 1848 1350 1911 est:
1411 1847 1623 1911 eadem
1678 1865 1874 1928 paene
1921 1864 2134 1910 omnes
2178 1847 2411 1928 iugiter
2456 1847 2721 1922 faciunt,
2780 1864 2934 1928 quae

677 1949 894 2015 fecisse
939 1968 1003 2014 se
1046 1949 1385 2032 plangunt,
1443 1953 1506 2014 et
1551 1951 1660 2031 qui
1705 1950 1942 2015 intrant
1995 1949 2477 2014 ecclesiasticam
2524 1952 2805 2025 domum,
2864 1951 2935 2013 ut
2953 1973 3006 2014 15

677 2052 847 2118 mala
906 2054 1161 2135 antiqua
1217 2051 1521 2131 defleant,
1569 2085 1635 2118 s*
1682 2056 1926 2118 exeunt.
2003 2054 2067 2117 et
2109 2052 2260 2135 quid
2305 2052 2473 2131 dico,
2532 2056 2799 2117 exeunt?
2868 2053 2935 2116 in

680 2154 833 2239 ipsis
878 2174 1075 2238 paene
1119 2155 1238 2219 hoc
1284 2155 1670 2220 orationibus
1703 2158 1832 2221 suis
1866 2174 1939 2221 ac
1969 2154 2525 2240 supplicationibus
2568 2156 2934 2220 moliuntur.

543 2250 568 2277 ‘
676 2258 849 2324 aliud
895 2259 1120 2342 quippe
1168 2277 1274 2322 ora
1329 2259 1656 2323 hominum
1704 2259 1876 2325 aliud
1924 2262 2107 2324 corda
2153 2261 2383 2342 agunt,
2431 2262 2494 2324 et
2538 2259 2689 2325 dum
2731 2260 2935 2324 uerbis

674 2362 1014 2443 praeterita
1071 2363 1241 2427 mala
1299 2364 1641 2452 plangunt,
1713 2382 1899 2428 sensu
1960 2364 2174 2428 futura
2229 2363 2645 2442 meditantur,
2713 2381 2783 2428 ac
2842 2362 2935 2428 sic

676 2465 873 2530 oratio
919 2484 1131 2530 eorum
1181 2467 1421 2530 auctrix
1468 2471 1565 2532 est
1612 2469 1816 2550 magis
1862 2468 2193 2532 criminum
2237 2487 2425 2549 quam
2471 2468 2795 2531 exoratrix.
2860 2470 3002 2532 uteo

674 2587 820 2633 uere
864 2569 980 2632 illa
1009 2568 1078 2633 in
1113 2573 1199 2635 eis
1232 2571 1576 2652 scripturae
1607 2570 1967 2636 maledictio
1999 2572 2403 2653 compleatur,
2450 2576 2522 2633 ut
2552 2570 2628 2632 de
2657 2569 2932 2633 oratione

570 2678 656 2743 49
674 2671 812 2754 ipsa
858 2675 1074 2735 exeant
1107 2673 1500 2736 condemnati
1546 2678 1606 2736 et
1653 2673 1850 2737 oratio
1896 2691 2109 2737 eorum
2155 2672 2267 2736 fiat
2313 2673 2379 2737 in
2422 2675 2765 2755 peccatum.
2820 2671 2930 2735 de-

674 2772 862 2853 nique
894 2771 948 2834 si
981 2772 1124 2834 uult
1154 2774 1464 2854 quispiam
1496 2776 1671 2849 scire,
1722 2777 1870 2856 quid
1900 2776 1966 2837 in
1997 2776 2233 2855 templo
2263 2774 2619 2839 huiusmodi
2648 2775 2928 2842 homines

675 2876 1038 2956 cogitarint,
1097 2876 1308 2940 uideat
1364 2878 1509 2957 quid
1556 2885 1863 2959 sequatur.
1958 2878 2266 2959 siquidem
2311 2879 2754 2943 consummatis
2802 2883 2929 2946 sol-

672 2976 985 3041 lemnibus
1032 2977 1249 3041 statim
1296 2982 1371 3044 ad
1421 2980 1968 3045 consuetudinaria
2014 2998 2226 3045 omnes
2282 2981 2494 3046 studia
2552 2982 2924 3062 discurrunt,
2946 3009 2997 3051 25

673 3078 784 3143 alii
828 3079 1075 3145 scilicet
1106 3082 1179 3145 ut
1222 3081 1507 3146 furentur
1551 3083 1662 3148 alii
1708 3087 1781 3147 ut
1836 3084 2225 3149 inebrientur
2270 3084 2382 3149 alii
2427 3087 2499 3150 ut
2544 3085 2928 3151 fornicentur

875 3234 941 3288 21
989 3234 1132 3288 Psal.
1171 3235 1287 3301 108,
1327 3236 1357 3289 7

768 3371 803 3425 2
836 3371 1138 3439 praesidum
1165 3388 1232 3426 ex
1259 3371 1584 3440 praesidium
1618 3375 1674 3427 A
1700 3390 1835 3431 corr.
1858 3374 1880 3427 i
1903 3391 2042 3429 eras.
2220 3377 2342 3445 aut]
2377 3393 2439 3431 ac
2474 3377 2529 3431 B
2713 3378 2743 3430 7
2782 3396 2927 3434 uere-

668 3457 860 3512 cundia
893 3459 949 3511 B
1126 3459 1191 3512 12
1227 3459 1646 3514 exacerbandum
1682 3477 1751 3514 eae
1786 3462 2198 3516 exercebandum
2233 3461 2289 3515 A
2313 3479 2454 3517 corr.
2483 3480 2550 3516 m.
2578 3469 2611 3517 1
2780 3465 2925 3518 enim

668 3558 767 3597 om.
815 3544 872 3597 B
1078 3546 1145 3599 15
1197 3544 1345 3600 intra
1391 3546 1495 3601 litt.
1542 3548 1606 3598 nt
1645 3563 1718 3602 m.
1754 3563 1859 3602 rec.
1896 3546 2023 3600 add.
2056 3547 2113 3600 A
2320 3549 2385 3603 16
2440 3555 2569 3603 ante
2617 3554 2809 3603 exeunt
2844 3551 2926 3603 la-

667 3642 866 3683 cwnam
881 3630 1154 3686 indicauit
1169 3631 1459 3700 Baluzius‚
1478 3639 1611 3700 post
1627 3636 1821 3686 exeunt
1838 3633 2117 3700 Halmius,
2145 3634 2241 3701 qm·
2264 3634 2650 3702 ‘supplendum
2666 3635 2924 3704 mdetur’,

667 3713 864 3780 inquit,
911 3715 1147 3782 ‘exennt,
1185 3720 1251 3770 ut
1286 3733 1424 3771 noua
1459 3719 1818 3773 committant'
1856 3720 1971 3788 (uel
2004 3723 2364 3788 perpetrent)3
2419 3735 2519 3773 nos
2554 3735 2766 3789 quoque
2799 3728 2928 3776 ante

669 3800 860 3851 exeunt
902 3802 1198 3856 statuimus
1243 3804 1503 3858 lacmmm
1541 3811 1593 3859 et
1628 3812 1898 3873 putamus
1944 3805 2210 3861 excidisse
2243 3807 2415 3861 uerba
2450 3808 2752 3861 exsecuturi
2787 3824 2925 3862 noua

669 3884 880 3939 collatis
905 3889 1198 3954 postremis
1229 3890 1395 3944 huius
1429 3891 1627 3959 capitis
1660 3893 1845 3947 uerbis
1856 3914 1877 3961 ;
1913 3892 2016 3954 cfr.
2053 3909 2193 3961 quae
2229 3893 2635 3961 disputauimus
2669 3895 2734 3947 i‘n
2757 3895 2922 3949 Sita.-

668 3970 798 4027 Ber.
832 3987 893 4039 p.
919 3976 954 4026 9
1147 3975 1218 4028 20
1251 3977 1459 4030 auctrix
1497 3993 1566 4030 ex
1602 3979 1782 4031 autrix
1812 3979 1869 4031 A
1903 3994 2042 4033 corr.
2079 3997 2146 4033 m.
2186 3982 2249 4033 2:
2301 3980 2395 4032 aut
2432 3979 2516 4045 (ut
2551 3981 2714 4047 corr.)
2753 3980 2835 4033 rix
2868 3980 2925 4033 B

670 4057 787 4123 (aut
807 4056 922 4110 rixa
961 4058 1041 4114 Tt
1091 4086 1145 4112 n
1168 4060 1286 4114 rixa
1320 4065 1375 4131 v)
1556 4063 1620 4116 21
1660 4064 1957 4133 scripturae
1994 4082 2061 4119 ex
2097 4066 2366 4134 scriptura
2397 4064 2453 4118 A
2488 4081 2631 4122 corr.
2655 4081 2723 4119 m.
2749 4068 2789 4119 2

669 4142 738 4195 22
789 4143 1162 4214 condempnati
1218 4148 1274 4203 A
1479 4148 1549 4202 24
1593 4149 1887 4217 cogitarint
1926 4152 2009 4204 B:
2070 4152 2371 4221 cogitarent
2412 4153 2468 4206 A
2676 4151 2924 4220 sollemp-

668 4227 827 4282 nibus
862 4232 917 4284 A
