3380 4919
1086 343 1161 396 de
1196 342 1470 413 gubern.
1507 342 1615 396 dei
1656 342 1766 397 VII
1803 347 1834 409 ξ
1870 343 2091 397 39-46.
2598 347 2724 414 169

465 534 707 616 putant,
756 535 818 597 in
865 533 1333 599 miserationem
1376 533 1655 597 hostium
1711 532 2052 597 deueniret.
2126 533 2190 596 et
2229 531 2345 597 hoc
2389 533 2547 597 cur?
2614 532 2828 599 cur44

466 634 701 720 absque
748 636 934 701 dubio
980 635 1104 700 nisi
1149 636 1312 717 quia,
1360 641 1431 700 ut
1476 635 1604 699 iam
1651 635 1812 713 dixi,
1859 633 1958 699 illi
2003 636 2112 700 deo
2158 634 2431 699 humiles
2477 653 2585 700 nos
2632 655 2723 701 re-

463 739 676 818 belles,
726 738 828 803 1111
857 739 1254 804 crediderunt
1282 740 1352 804 in
1381 758 1570 803 manu
1603 737 1703 803 dei
1739 756 1873 803 esse
1905 737 2236 803 uictoriam
2265 756 2376 803 nos
2421 738 2487 802 in
2535 755 2724 803 manu

462 846 679 907 nostra
723 843 915 906 immo
959 843 1025 907 in
1073 841 1378 925 sacrilega
1422 845 1610 924 atque
1655 842 1869 924 impia,
1927 841 2089 924 quod
2134 845 2230 906 est
2273 841 2449 924 peius
2494 859 2723 907 nocen-

419 948 713 1028 stiusque
758 964 944 1028 quam
990 949 1251 1013 nostra?
1296 947 1562 1028 denique
1605 946 1735 1029 ipse
1782 964 1886 1010 rex
1928 946 2223 1025 hostium,
2273 947 2580 1027 quantum
2624 963 2723 1009 res

462 1050 741 1132 prodidit
802 1068 873 1114 ac
916 1049 1238 1132 probauit,
1309 1067 1500 1131 usque
1559 1050 1636 1112 ad
1698 1048 1863 1112 diem
1918 1067 2167 1132 pugnae
2227 1049 2463 1114 stratus
2521 1046 2724 1112 cilicio

461 1171 676 1236 preces
726 1151 917 1230 fudit,
961 1155 1104 1217 ante
1149 1151 1387 1217 bellum
1424 1153 1492 1215 in
1525 1151 1803 1216 oratione
1848 1150 2044 1216 iacuit
2086 1153 2165 1217 ad
2197 1151 2435 1217 bellum
2467 1152 2541 1216 de
2587 1170 2724 1216 ora-

462 1257 633 1321 tione
679 1257 965 1320 surrexit.
1057 1254 1421 1336 priusquam
1478 1271 1755 1338 pugnam
1799 1272 1988 1318 manu
2047 1255 2422 1335 capesseret,
2481 1253 2723 1337 suppli-

463 1357 708 1424 catione
747 1359 1053 1441 pugnauit
1100 1358 1160 1421 et
1213 1358 1354 1421 ideo
1384 1356 1583 1421 fidens
1614 1355 1912 1438 processit
1955 1357 2032 1421 ad
2062 1376 2358 1441 pugnam,
2404 1357 2551 1439 quia
2594 1356 2723 1422 iam

395 1484 446 1524 10
463 1465 778 1527 meruerat
821 1462 891 1526 in
935 1463 1211 1526 oratione
1255 1460 1609 1526 uictoriam.

547 1582 656 1646 XI.
703 1582 845 1647 Non
889 1581 1282 1646 dissimiliter
1329 1585 1540 1647 autem
1586 1581 1744 1647 illud
1789 1583 1983 1646 etiam
2028 1580 2190 1664 apud
2227 1581 2594 1647 Wandalos:
2644 1581 2724 1645 ad
2742 1583 2827 1651 45

463 1703 613 1767 quos
659 1703 804 1750 cum
860 1685 927 1749 in
970 1685 1280 1767 Hispania
1336 1684 1488 1750 sitos
1543 1689 1760 1749 nostra
1819 1702 1962 1766 pars
2022 1687 2314 1768 pergeret
2359 1685 2724 1768 tantamque

462 1789 541 1853 ad
600 1788 1000 1854 debellandos
1061 1807 1160 1852 eos
1214 1788 1744 1871 praesumptionis
1806 1789 2104 1853 fiduciam
2169 1788 2359 1853 ferret
2416 1791 2724 1872 quantum

461 1893 654 1957 etiam
699 1894 975 1974 proxime
1021 1894 1099 1957 ad
1145 1891 1402 1969 GothoS‚
1450 1891 1583 1974 pari
1629 1891 1954 1972 superbiae
1997 1892 2166 1956 fastu
2194 1893 2331 1974 pari
2362 1892 2534 1956 exitu
2578 1910 2723 1958 con-

391 2021 443 2062 15
459 1997 736 2060 ruerunt.
828 1997 1128 2077 uenitque
1184 2014 1369 2077 super
1425 1995 1768 2060 exercitum
1827 1999 2114 2060 nostrum
2171 1995 2333 2060 illud
2386 1996 2722 2078 prophetae

461 2099 729 2164 dictum:
779 2098 1056 2163 obruet
1100 2098 1464 2163 dominus
1511 2098 2095 2164 confidentiam
2154 2099 2362 2162 tuam
2410 2104 2486 2163 et
2530 2100 2725 2165 nihil

458 2200 785 2264 habebis
830 2217 1309 2282 prosperum.
1370 2200 1828 2266 confidebamus
1884 2200 2149 2264 enimin
2180 2200 2483 2282 sapientia
2514 2203 2724 2268 nostra

460 2305 524 2368 et
568 2302 937 2366 fortitudine
983 2304 1196 2367 contra
1226 2301 1339 2366 ¹dei
1398 2302 1697 2367 mandata
1754 2303 2048 2373 dicentis:
2106 2321 2252 2368 non
2307 2303 2722 2385 glorietur

458 2405 781 2488 sapiens
827 2407 902 2471 in
947 2406 1369 2490 sapientia
1414 2424 1553 2471 sua
1613 2425 1752 2471 nec
1796 2405 2040 2471 fortis
2100 2405 2177 2471 in
2237 2406 2722 2473 fortitudine

389 2529 626 2587 sosua‚
695 2509 823 2573 sed
881 2509 962 2572 in
1022 2509 1163 2573 hoc
1218 2509 1623 2592 glorietur
1670 2509 1800 2591 qui
1867 2510 2309 2593 gloriatur,
2379 2512 2589 2575 scire
2649 2521 2722 2577 et

458 2633 686 2679 nosse
730 2605 873 2691 me,
920 2612 1100 2695 quia
1144 2631 1282 2696 ego
1327 2632 1493 2678 sum
1539 2614 1917 2680 dominus.
1994 2632 2115 2679 non
2162 2612 2453 2678 inmerito
2508 2614 2826 2696 itaque46

461 2717 617 2782 uicti
664 2734 916 2791 sumus;
962 2720 1039 2781 ad
1085 2716 1342 2781 meliora
1385 2721 1550 2782 enim
1595 2736 1660 2783 se
1706 2716 1804 2782 illi
1850 2717 2127 2783 subsidia
2172 2717 2491 2782 contulere
2535 2736 2722 2800 quam

461 2820 676 2885 nostri.
767 2838 913 2884 nam
974 2838 1117 2884 cum
1177 2820 1370 2884 armis
1427 2838 1536 2885 nos
1581 2824 1767 2903 atque
1822 2819 2070 2886 auxiliis
2129 2820 2588 2903 superbiremus
2609 2872 2623 2899 ‚
2685 2840 2723 2888 a

460 2924 638 3005 parte
682 2923 959 2988 hostium
1006 2923 1183 2986 nobis
1230 2923 1387 2987 liber
1431 2922 1678 2990 diuinae
1711 2926 1869 3009 legis
1903 2924 2193 2991 occurrit.
2238 2925 2315 2989 ad
2352 2923 2512 2988 hanc
2556 2924 2723 2989 enim

391 3051 443 3092 25
461 3026 790 3116 praecipue
837 3043 1017 3107 opem
1062 3027 1252 3089 timor
1299 3028 1362 3091 et
1403 3027 1788 3108 perturbatio
1822 3030 1975 3093 tunc
2007 3027 2377 3092 Wandalica
2420 3028 2719 3111 confugit,

460 3134 532 3193 ut
591 3130 812 3193 seriem
869 3129 1044 3192 nobis
1102 3129 1333 3211 eloquii
1379 3131 1663 3195 caelestis
1722 3132 2057 3214 opponeret
2091 3136 2177 3195 ‘et
2230 3132 2565 3196 aduersum
2608 3149 2717 3196 ue-

459 3232 703 3296 nientes
734 3231 1006 3297 aemulos
1044 3249 1185 3295 suos
1219 3234 1381 3297 sacri
1413 3234 1753 3299 uoluminis
1786 3234 2019 3317 scripta
2049 3234 2228 3317 quasi
2259 3235 2395 3316 ipsa
2425 3235 2719 3316 quodam·

667 3418 731 3471 16
768 3418 1000 3471 Hierem.
1036 3420 1089 3485 2,
1127 3417 1193 3471 37
1402 3420 1468 3474 18
1502 3420 1737 3475 Hierem.
1774 3422 1823 3486 9,
1859 3422 1928 3475 23

563 3588 591 3641 1
638 3587 741 3641 hoc
787 3588 918 3642 cur?
970 3605 1063 3643 cur
1106 3588 1211 3658 le
1243 3587 1342 3643 hoc
1387 3604 1479 3642 cur
1524 3604 1626 3643 om.
1663 3590 1761 3643 alt.
1798 3605 1890 3642 cur
1923 3589 1979 3642 A
2184 3590 2219 3643 8
2262 3589 2558 3657 capesceret
2603 3604 2715 3644 non

456 3674 512 3727 B
547 3674 694 3728 solus
726 3673 821 3729 sed
857 3675 1021 3729 etiam
1056 3675 1298 3742 A(Ttv)
1473 3676 1539 3729 13
1562 3675 1839 3729 bellandos
1864 3675 1920 3728 B
1956 3681 2008 3730 et
2041 3691 2084 3729 s·
2120 3690 2221 3729 scr.
2258 3675 2324 3729 de
2356 3692 2426 3729 m.
2452 3678 2492 3729 2
2526 3676 2582 3729 A

457 3759 525 3813 14
570 3760 715 3827 paris
762 3761 818 3814 A
1025 3761 1172 3814 fastu
1223 3762 1295 3815 T:
1349 3761 1524 3815 factus
1559 3761 1654 3815 sed
1699 3777 1869 3830 super
1904 3777 1932 3815 c
1965 3777 2068 3816 scr.
2103 3778 2171 3816 m.
2207 3765 2247 3816 2
2282 3778 2307 3815 s
2341 3762 2397 3815 A
2452 3763 2624 3817 fastus
2662 3763 2719 3818 B

458 3846 610 3911 (fort.
655 3848 720 3901 in
762 3847 938 3901 fastus
986 3849 1118 3903 latet
1163 3849 1312 3902 fastu
1348 3850 1452 3916 et);
1506 3849 1795 3903 Hartelius
1837 3850 2187 3917 suspicatum.-
2240 3864 2392 3918 pares
2441 3849 2721 3919 superbiae

457 3931 658 3999 fastus3
714 3933 784 3999 cf.
816 3949 876 4002 p.
913 3936 1042 3999 172,
1079 3938 1116 3987 6
1324 3934 1387 3988 15
1424 3934 1713 3989 exercitum
1761 3934 1817 3987 B
1852 3950 1894 3988 s.
1934 3934 1969 3988 l.
2177 3935 2244 3989 18
2287 3934 2515 3989 dicentis
2549 3952 2720 4004 super

455 4018 610 4073 iult.
659 4020 778 4089 syll.
825 4035 928 4074 scr.
965 4036 994 4073 e
1030 4037 1097 4073 m.
1132 4023 1172 4074 2
1227 4020 1283 4073 A
1487 4021 1554 4075 21
1606 4037 1715 4075 non
1768 4022 1912 4075 inme
1964 4021 2019 4074 A
2072 4022 2153 4077 bis
2204 4022 2359 4077 habet
2411 4022 2507 4076 sed
2559 4024 2720 4078 semel

447 4109 646 4171 pwnct.
854 4104 923 4158 22
977 4105 1293 4159 contulerae·
1314 4109 1389 4173 ·(a
1433 4109 1644 4174 punct.)
1701 4121 1751 4174 q.
1800 4109 2013 4161 nostrae
2066 4109 2123 4162 A
2327 4107 2395 4161 25
2448 4108 2718 4164 uuandala

455 4189 511 4242 B
525 4191 620 4257 (T)
829 4190 897 4244 26
941 4191 1146 4261 seriem]
1186 4191 1258 4258 cf.
1295 4191 1389 4244 Ad
1424 4192 1575 4246 Eccl.
1612 4191 1726 4245 III
1750 4197 1783 4245 1
1991 4192 2235 4247 caelestis
2282 4193 2481 4263 eloquii
2523 4195 2579 4248 B

464 4275 807 4331 aduenientes
842 4277 898 4330 B
914 4278 1006 4344 (T)
1211 4277 1276 4332 27
1313 4278 1430 4347 ipsa
1457 4278 1613 4347 quasi
1649 4278 1705 4331 B
