3380 4919
1041 324 1116 377 de
1152 323 1419 393 gubern.
1458 322 1562 378 dei
1600 322 1708 378 VII
1744 327 1774 389 ξ
1812 322 2034 378 75-81.
2546 324 2659 390 181

294 505 298 509 ⁴
413 531 490 578 ne
534 515 745 579 oculos
793 510 1072 578 ciuitatis
1104 513 1338 578 scelera
1369 512 1699 596 propalata
1727 512 2097 596 polluerent.
2144 513 2307 594 quod
2340 514 2392 578 si
2421 511 2663 578 factum

414 617 629 700 utique
686 616 928 694 fuisset,
988 616 1273 696 quamuis
1330 615 1525 680 multi·
1575 614 1926 681 extitissent
1980 632 2158 698 opere
2212 614 2349 697 ipso
2408 614 2662 692 sordidi,

413 738 535 787 non
580 737 792 784 omnes
837 719 1050 783 tamen
1094 718 1344 785 fuerant
1386 718 1526 783 uisu
1572 721 1761 801 atque
1798 716 2005 784 animo
2036 717 2355 797 sordidati,
2403 721 2468 782 et
2503 718 2663 782 solet

412 841 507 887 res
553 821 709 887 satis
755 819 1081 903 flagitiosa,
1129 820 1371 902 quando
1416 821 1626 904 agitur
1666 821 1928 897 occulte,
1972 821 2161 885 fidem
2206 820 2494 886 facinoris
2539 837 2662 886 non

373 925 653 991 smereri.
730 941 918 1007 supra
962 939 1209 987 omnem
1256 923 1468 986 autem
1505 922 1886 988 monstruosi
1916 923 2147 1005 piaculi
2180 924 2660 988 exsecrationem

413 1030 507 1092 est
552 1025 754 1093 scelus
802 1044 1120 1091 summum
1164 1024 1497 1091 admittere
1541 1030 1604 1092 et
1647 1028 1949 1111 pudorem
1984 1028 2231 1094 sceleris
2260 1046 2385 1093 non
2414 1026 2657 1093 habere.

410 1130 578 1213 quid,
635 1147 806 1214 rogo,
864 1129 1000 1194 fieri
1046 1128 1177 1194 illic
1222 1128 1627 1211 prodigiosius
1670 1130 1922 1214 potuit?
1991 1134 2057 1196 in
2100 1131 2251 1197 urbe
2297 1129 2656 1208 christiana,
2682 1135 2764 1202 79

411 1232 475 1298 in
531 1232 684 1298 urbe
740 1231 1182 1310 ecclesiastica,
1241 1251 1427 1316 quam
1485 1234 1797 1316 quondam
1859 1233 2158 1300 doctrinis
2222 1234 2351 1300 suis
2396 1232 2660 1315 apostoli

409 1335 830 1414 instituerant,
897 1352 1086 1416 quam
1144 1335 1537 1418 passionibus
1582 1337 1711 1402 suis
1753 1339 2061 1421 martyres
2109 1336 2492 1411 coronarant,
2540 1336 2662 1400 uiri

345 1437 474 1503 min
518 1437 868 1520 semetipsis
929 1437 1196 1503 feminas
1253 1438 1727 1519 profitebantur,
1789 1440 1854 1504 et
1896 1439 2011 1506 hoc
2055 1441 2186 1507 sine
2230 1441 2360 1505 ullo
2404 1438 2659 1521 pudoris

412 1542 799 1616 umbraculO,
847 1541 983 1605 sine
1028 1540 1159 1604 ullo
1206 1541 1610 1606 uerecundiae
1655 1542 1913 1622 amictu,
1962 1561 2033 1609 ac
2062 1542 2173 1626 sic,
2220 1542 2396 1624 quasi
2440 1559 2659 1622 parum

409 1643 639 1726 piaculi
707 1646 898 1721 esset,
967 1644 1023 1707 si
1088 1644 1253 1709 malo
1317 1643 1428 1711 illo
1495 1646 1809 1710 malorum
1871 1646 2127 1711 tantum
2193 1645 2660 1726 inquinarentur

409 1751 706 1825 auctoreS,
750 1764 860 1828 per
903 1747 1217 1830 publicam
1260 1747 1512 1814 sceleris
1543 1749 1985 1830 professionem
2014 1748 2202 1816 fiebat
2233 1748 2423 1813 etiam
2455 1749 2656 1813 scelus

406 1850 688 1933 integrae
736 1850 1031 1915 ciuitatis.
1096 1849 1351 1916 uidebat
1392 1850 1620 1935 quippe
1665 1852 1782 1916 hoc
1828 1852 2116 1916 uniuersa
2158 1851 2307 1916 urbs
2354 1855 2415 1917 et
2461 1852 2657 1933 patie-

342 1973 388 2012 ιε
406 1952 610 2035 batur,
674 1952 976 2019 uidebant
1031 1952 1266 2019 iudices
1310 1954 1375 2018 et
1416 1954 1916 2036 adquiescebant,
1973 1953 2237 2037 populus
2292 1953 2549 2021 uidebat
2595 1954 2660 2018 et

405 2055 855 2138 adplaudebat,
918 2075 991 2123 ac
1035 2056 1127 2122 sic
1174 2057 1397 2123 diffuso
1441 2076 1551 2138 per
1595 2060 1794 2122 totam
1841 2056 2063 2123 urbem
2107 2057 2418 2123 dedecoris
2463 2056 2657 2123 scele-

405 2160 611 2243 risque
657 2161 983 2242 consortio‚
1029 2162 1147 2227 etsi
1179 2161 1296 2226 hoc
1326 2179 1651 2225 commune
1682 2159 1971 2225 omnibus
2002 2179 2126 2225 non
2160 2160 2425 2225 faciebat
2458 2162 2653 2243 actuS,

408 2280 733 2327 commune
774 2263 1060 2328 omnibus
1107 2263 1374 2329 faciebat
1417 2263 1734 2329 adsensus.
1800 2265 1906 2328 sed
1964 2263 2106 2328 finis
2152 2264 2480 2345 aliquando
2527 2263 2655 2329 for·
2677 2264 2763 2331 80

406 2366 572 2431 sitan
617 2365 771 2430 mali
816 2368 925 2431 aut
969 2365 1321 2431 emendatio
1367 2367 1576 2448 aliqua
1618 2366 1780 2431 labis
1818 2367 1998 2431 istius
2031 2365 2170 2431 fuit.
2235 2366 2373 2449 quis
2408 2367 2656 2431 credere

340 2469 516 2535 aeaut
560 2470 751 2534 etiam
796 2470 1009 2534 audire
1052 2471 1268 2551 possit,
1317 2470 1696 2535 conuertisse
1735 2472 1800 2535 in
1833 2469 2205 2537 muliebrem
2252 2471 2655 2536 tolerantiam

405 2572 570 2638 uiros
616 2590 739 2637 non
782 2592 962 2638 usum
1009 2591 1194 2638 suum
1238 2574 1487 2637 tantum
1533 2575 1720 2654 atque
1762 2573 2075 2651 naturam,
2123 2573 2233 2638 sed
2277 2574 2472 2639 etiam
2516 2573 2657 2637 uul-

405 2675 541 2740 tum
585 2676 896 2741 incessum
942 2675 1231 2741 habitum
1277 2678 1341 2740 et
1386 2678 1592 2741 totum
1638 2676 1884 2757 penitus
1930 2676 2220 2759 quicquid
2263 2677 2472 2742 autin
2503 2694 2653 2742 sexu

405 2783 498 2844 est
540 2782 653 2845 aut
693 2780 760 2844 in
804 2779 944 2844 uisu
989 2778 1157 2852 uiri?
1205 2780 1352 2844 adeo
1399 2796 1582 2844 uersa
1624 2780 1694 2844 in
1739 2778 2060 2845 diuersum
2098 2779 2308 2846 omnia
2338 2782 2535 2856 erant,
2581 2780 2655 2844 ut

405 2898 544 2947 cum
588 2882 742 2946 uiris
785 2881 943 2947 nihil
988 2883 1192 2966 magis
1239 2883 1460 2965 pudori
1505 2902 1638 2949 esse
1669 2884 1969 2965 oporteat,
2019 2901 2204 2967 quam
2251 2884 2305 2949 si
2352 2882 2655 2950 muliebre

340 2985 640 3068 &aliquid
685 2987 749 3049 in
796 3004 860 3050 se
922 2986 1147 3056 habere
1213 2986 1563 3070 uideantur,
1633 2987 1771 3052 illic
1837 2986 1998 3052 nihil
2065 2988 2219 3053 uiris
2277 2985 2653 3069 quibusdam
2761 3025 2766 3030 -

405 3089 646 3170 turpius
692 3088 1030 3174 uideretur,
1078 3107 1265 3171 quam
1309 3089 1363 3154 si
1407 3090 1475 3154 in
1519 3089 1727 3172 aliquo
1772 3089 1893 3157 uiri
1938 3090 2317 3155 uiderentur.

484 3209 759 3275 XVIIII.
829 3207 950 3274 Sed
1007 3227 1341 3292 paucorum
1399 3210 1530 3286 hoc,
1588 3210 1815 3291 inquis,
1875 3209 2162 3275 dedecusx
2188 3208 2330 3286 fuit,
2385 3211 2446 3273 et
2491 3209 2653 3289 quod
2672 3209 2752 3275 81

401 3329 523 3377 non
568 3330 606 3375 a
647 3312 928 3395 pluribus
995 3313 1424 3395 perpetratum
1491 3313 1590 3377 est
1654 3312 1900 3377 cunctis
1960 3328 2180 3376 nocere
2238 3329 2360 3376 non
2419 3310 2648 3394 potuit.

501 3570 536 3623 2
570 3568 734 3624 multi
768 3568 1165 3635 Brassicanus‚
1214 3567 1311 3636 qui
1343 3567 1405 3621 in
1439 3581 1471 3621 υ
1505 3565 1836 3621 antecedens
1872 3565 1920 3618 si
1955 3564 2188 3620 deleuit.-
2236 3564 2399 3618 simul
2434 3564 2545 3624 AB
2583 3564 2651 3629 (si

401 3656 559 3709 multi
598 3660 825 3724 praeter
867 3670 901 3708 v
949 3654 1113 3708 etiam
1163 3652 1214 3706 Τ
1222 3654 1267 3722 t)
1473 3652 1509 3705 4
1551 3652 1684 3705 satis
1730 3666 1829 3705 om.
1875 3651 1930 3705 Β
2138 3651 2173 3705 5
2221 3652 2401 3704 autem
2444 3663 2654 3704 omnem

401 3742 456 3796 Β
645 3742 680 3795 8
714 3739 979 3810 quandam
1013 3754 1179 3810 super
1213 3756 1244 3792 a
1270 3738 1460 3807 proris
1493 3738 1614 3809 syll.
1649 3754 1756 3792 ser.
1794 3753 1824 3791 o
1862 3754 1930 3791 m.
1966 3739 2007 3792 2
2041 3737 2096 3790 A
2305 3735 2372 3790 10
2406 3734 2518 3788 ullo
2552 3749 2652 3789 om.

399 3829 454 3883 Β
662 3827 729 3882 14
774 3826 927 3881 urb-s
972 3825 1053 3879 A:
1108 3824 1306 3881 ciuitas
1352 3823 1410 3877 Β
1617 3824 1687 3879 16
1730 3823 1827 3893 sic]
1877 3823 1925 3877 si
1973 3823 2028 3877 Β
2233 3821 2417 3876 defuso
2462 3821 2519 3875 A

403 3914 467 3968 17
514 3912 782 3969 faciebant
827 3912 882 3966 Β
1086 3910 1188 3964 hoc
1224 3925 1500 3964 commune
1536 3910 1635 3977 (sic
1669 3910 1895 3977 iterum)
1932 3910 2085 3963 actus
2131 3909 2186 3963 Β
2396 3907 2461 3962 19
2509 3906 2653 3964 labes

399 4000 568 4071 Β(Τ)
744 3998 869 4052 istis
901 4012 1067 4066 super
1103 3996 1121 4049 i
1151 4001 1352 4065 postor.
1386 4011 1488 4050 ser.
1525 4012 1563 4050 u
1598 4012 1667 4051 m.
1693 3999 1733 4050 2
1766 3996 1849 4050 A:
1901 3997 2009 4050 ista
2042 3996 2097 4050 Β
2273 3994 2349 4048 20
2382 3994 2554 4062 possit
2590 3994 2655 4049 in

400 4090 577 4155 posset
610 4087 667 4144 A
693 4090 823 4140 mut.
847 4101 917 4139 m.
942 4087 982 4138 2
1150 4082 1431 4137 mulierem
1452 4081 1507 4135 B
1529 4098 1597 4135 m.
1623 4087 1655 4137 1
1829 4081 1897 4137 22
1931 4079 2185 4151 quicquid
2211 4080 2434 4149 penitus
2461 4079 2516 4133 Β

400 4172 468 4227 23
501 4171 624 4225 uisu
659 4171 740 4225 A:
792 4186 892 4224 usu
924 4169 981 4224 Β
1000 4167 1262 4223 Halmius
1433 4182 1643 4221 uersam
1677 4168 1774 4224 sed
1809 4184 1864 4222 m
1891 4172 2088 4236 pwnct.
2125 4167 2179 4221 A
2360 4165 2429 4219 24
2464 4164 2655 4234 pudori

401 4258 517 4326 (sed
553 4258 575 4311 i
610 4257 759 4324 add„
792 4261 857 4311 ut
891 4254 1025 4321 uid„
1063 4272 1132 4311 m.
1157 4254 1219 4322 2)
1255 4253 1338 4308 At
1391 4251 1558 4321 pudor
1595 4253 1649 4307 Β
1847 4253 2137 4312 muliebrac
2162 4258 2357 4322 pumat.
2393 4267 2428 4307 a
2461 4252 2516 4307 A
