3380 4919
1103 311 1179 362 de
1214 309 1488 378 gubern.
1527 309 1632 364 dei
1670 311 1699 366 I
1737 315 1769 377 ξ
1803 311 2026 367 31-35.
2609 317 2688 381 17

433 504 732 566 terram
789 499 1320 582 quadraginta
1375 499 1656 566 diebus
1702 502 1779 566 et
1838 502 2382 586 quadraginta
2443 505 2689 572 nocti·

430 606 587 670 bus,
656 604 722 668 et
765 601 957 685 paulo
998 605 1170 683 post:
1232 606 1697 686 consumpta
1753 605 1872 669 est
1929 605 2180 670 omnis
2226 623 2432 683 caro,
2494 626 2689 690 quae

430 704 900 772 mouebatur
946 724 1180 788 super
1224 709 1544 772 terram.
1612 709 1677 771 et
1728 705 2057 790 deinceps:
2126 708 2520 775 remansit
2564 722 2685 775 au-

431 814 585 876 tem
629 809 850 875 solus
882 807 1043 874 Noe
1085 811 1162 873 et
1206 809 1339 892 qui
1385 827 1552 875 cum
1598 826 1678 875 eo
1724 811 1952 876 erant
1994 813 2074 875 in
2117 829 2314 876 arca.
2380 810 2481 876 hic
2526 830 2690 876 nunc

431 916 742 995 requirere
809 912 902 977 ab·
942 911 1070 977 illis
1129 912 1294 991 uolo,
1364 911 1471 996 qui
1537 912 1922 981 incuriosum
1988 931 2197 979 rerum
2266 915 2687 979 humanarum

431 1017 748 1099 appellant
816 1019 1032 1095 deum,
1100 1034 1177 1080 an
1238 1014 1351 1079 illo
1410 1016 1686 1098 tempore
1729 1017 1833 1080 uel
1879 1034 2130 1083 curasse
2176 1036 2318 1082 eum
2363 1016 2691 1083 terrestria

432 1120 687 1185 credant
745 1119 848 1184 uel
902 1118 1261 1184 iudicasse?
1326 1121 1478 1202 puto
1536 1120 1705 1185 enim
1761 1138 1885 1184 non
1940 1120 2243 1187 iudicauit
2288 1120 2535 1186 tantum
2579 1121 2689 1186 sed

433 1224 625 1288 etiam
686 1221 1022 1305 dupliciter
1078 1221 1418 1299 iudicauit3
1490 1241 1638 1287 nam
1696 1225 1760 1287 et
1805 1223 1957 1287 dum
2015 1224 2228 1289 seruat
2271 1222 2465 1300 bonos
2510 1223 2690 1306 pium

431 1345 495 1391 se
538 1325 981 1391 retributorem
996 1374 1012 1403 ‚
1072 1325 1137 1390 et
1195 1327 1347 1391 dum
1407 1326 1779 1392 condemnat
1840 1326 2038 1392 malos
2084 1345 2374 1395 seuerum
2419 1328 2687 1393 iudicem

362 1455 414 1495 ιο
432 1428 883 1513 comprobauit.
953 1429 1064 1494 sed
1128 1428 1278 1495 haec
1344 1424 1608 1495 forsitan
1674 1430 1835 1514 apud
1897 1430 2145 1507 stultos
2206 1429 2355 1511 quia
2397 1433 2544 1494 ante
2592 1430 2686 1494 di·
2706 1433 2793 1498 34

430 1533 673 1598 lunium
690 1581 705 1609 ,
751 1534 818 1597 id
862 1535 988 1610 est,
1037 1535 1213 1615 quasi
1256 1533 1378 1605 alio
1425 1535 1693 1616 quodam
1739 1532 1983 1598 saeculo
2028 1532 2205 1616 gesta
2250 1532 2428 1614 sunt,
2478 1533 2685 1597 minus

432 1635 824 1702 auctoritatis
865 1637 1095 1702 habere
1138 1635 1500 1702 uideantur:
1559 1635 1735 1719 quasi
1780 1654 1929 1701 uero
1975 1640 2084 1701 aut
2127 1637 2280 1701 tunc
2325 1635 2487 1700 alius
2532 1635 2684 1700 deus

431 1740 622 1804 fuerit
667 1740 781 1804 aut
820 1742 1038 1822 postea
1083 1739 1349 1806 eandem.
1384 1737 1604 1804 mundi
1647 1756 1863 1824 curam
1905 1736 2135 1803 habere
2178 1737 2473 1802 noluerit.
2540 1755 2684 1819 pos·

431 1862 570 1907 sum
617 1842 867 1925 quidem
914 1841 1124 1906 diuino
1170 1859 1427 1908 munere
1481 1859 1589 1923 per
1630 1840 1911 1922 singulas
1954 1843 2095 1921 post
2140 1839 2452 1906 diluuium
2496 1858 2685 1923 gene-

361 1968 417 2009 15*
430 1948 701 2012 rationes
745 1948 1001 2027 probare
1064 1963 1219 2026 quae
1265 1945 1428 2019 dico,
1492 1946 1600 2009 sed
1647 1947 1710 2008 et
1757 1944 2096 2009 enormitas
2143 1944 2320 2008 uetat
2365 1947 2428 2008 et
2471 1946 2686 2009 tamen

431 2051 601 2114 certa
646 2049 951 2131 quaedam
987 2065 1061 2112 ac
1091 2046 1331 2113 maiora
1363 2046 1712 2125 sufficiunt,
1753 2047 1920 2129 quia,
1966 2064 2109 2111 cum
2137 2045 2303 2111 idem
2335 2045 2421 2110 sit
2452 2046 2685 2128 absque

431 2151 620 2217 dubio
666 2150 970 2216 maiorum
1030 2151 1266 2233 pariter
1309 2167 1382 2215 ac
1425 2150 1740 2215 minorum
1785 2152 1956 2230 deus,
2002 2150 2069 2214 id
2110 2149 2384 2233 profecto
2429 2149 2683 2215 intelle-

430 2255 702 2340 gendum
746 2257 841 2319 est
884 2255 949 2319 in
993 2253 1358 2336 minoribus,
1405 2253 1571 2334 quod
1610 2254 1677 2317 in
1721 2253 2061 2319 maioribus
2108 2253 2568 2334 comprobatur.

514 2357 695 2423 VIII.
741 2357 947 2440 Igitur
991 2374 1133 2421 cum
1177 2359 1320 2439 post
1366 2357 1678 2421 diluuium
1709 2355 2096 2440 generationi
2138 2356 2462 2422 hominum
2496 2356 2685 2420 bene·
2704 2359 2790 2425 35

360 2487 412 2527 20
431 2463 689 2528 dixisset
751 2462 898 2527 deus
913 2509 930 2539 ,
989 2459 1361 2526 immensam
1420 2461 1747 2525 hominum
1802 2459 2274 2526 multitudinem
2335 2458 2685 2525 benedictio

428 2569 561 2650 ipsa
603 2568 983 2650 generasset,
1031 2563 1309 2646 loquitur
1353 2564 1432 2628 ad
1477 2562 1803 2628 Abraham
1847 2562 2139 2628 dominus
2185 2583 2218 2627 e
2266 2562 2431 2628 caelo
2447 2612 2463 2643 ‚
2509 2560 2685 2626 iubet

429 2673 502 2735 ut
547 2670 791 2734 deserat
848 2673 1082 2733 terram
1141 2687 1341 2751 suam,
1401 2666 1678 2750 inquirat
1737 2667 2027 2731 alienam.
2094 2667 2358 2731 uocatur
2403 2663 2687 2746 sequitur

430 2773 760 2839 adducitur
804 2771 1186 2849 conlocatur,
1232 2771 1308 2835 fit
1352 2771 1427 2835 de
1472 2789 1740 2853 paupere
1783 2770 2060 2853 locuples
2091 2771 2167 2834 de
2196 2770 2407 2852 ignoto
2439 2771 2682 2852 potens,

430 2875 681 2941 infimus
723 2873 1216 2957 peregrinatione
1263 2872 1820 2938 excellentissimus
1867 2872 2196 2952 dignitate.
2257 2874 2363 2937 sed
2407 2891 2487 2936 ne
2530 2872 2686 2935 haec

361 3001 412 3042 25
429 2981 664 3055 tamen,
708 2996 863 3060 quae
908 2975 967 3041 ei
1013 2976 1164 3042 data
1207 2995 1244 3041 a
1276 2975 1387 3041 deo
1423 2974 1688 3055 fuerant,
1735 2975 2010 3041 muneris
2043 2977 2292 3040 tantum
2322 2974 2684 3040 uiderentur

429 3079 618 3145 fuisse
675 3099 799 3145 non
852 3078 1084 3158 meriti,
1143 3079 1251 3161 qui
1295 3078 1645 3145 laetabatur
1688 3080 2000 3162 prosperis
2043 3079 2342 3160 probatur
2386 3075 2681 3142 aduersis.

430 3185 710 3267 sequitur
755 3184 981 3266 quippe
1009 3182 1185 3248 labor
1214 3183 1565 3267 periculum
1592 3181 1818 3248 timor:
1879 3183 2137 3246 uexatur
2167 3179 2684 3262 commigratione

631 3387 666 3440 2
700 3386 831 3441 Gen.
867 3386 916 3451 7,
951 3385 1020 3440 21
1224 3385 1292 3439 21
1329 3385 1460 3440 Gen.
1498 3383 1581 3449 12,
1615 3384 1648 3437 1

531 3558 566 3611 5
602 3556 956 3610 humanarum
989 3572 1032 3610 s·
1071 3558 1104 3611 l.
1141 3571 1212 3610 m.
1247 3559 1284 3609 2
1324 3555 1380 3608 Β
1586 3554 1619 3607 6
1662 3554 1937 3608 terrestria
1972 3571 2039 3609 ex
2073 3540 2411 3608 terrestrium
2446 3568 2586 3607 corr.
2622 3553 2686 3607 in

428 3659 461 3695 v
498 3643 900 3698 Brassicanus:
952 3644 1266 3696 terrestrsuae
1299 3642 1355 3695 A
1411 3640 1696 3697 terrestria
1742 3641 1797 3695 Β
1851 3640 2235 3707 (terrestrium
2273 3639 2427 3695 haud
2460 3639 2570 3695 scio
2606 3657 2684 3693 an

429 3734 571 3783 recte
605 3734 670 3783 ut
704 3730 776 3783 sit
809 3728 1155 3799 yraeeismus’
1194 3727 1457 3783 Halmius
1491 3728 1557 3795 cf.
1583 3727 1743 3794 infra
1765 3743 1811 3781 c.
1844 3727 2042 3781 VHII
2071 3727 2227 3781 inita
2263 3742 2444 3781 curare
2479 3726 2683 3795 pariter

427 3830 515 3867 res
575 3814 834 3868 humanas
892 3813 1084 3878 deum3
1153 3813 1302 3883 quod
1357 3813 1633 3869 antecedit
1688 3813 2048 3867 humanarum
2107 3813 2454 3882 corruptelae
2513 3828 2687 3868 causa.

423 3899 556 3965 fuit)
733 3899 801 3953 10
823 3899 1131 3968 coprobauit
1155 3900 1211 3954 A
1247 3898 1526 3969 &probauit
1546 3900 1602 3953 Β
1797 3899 1857 3953 11
1884 3897 2138 3967 quoa-dam
2163 3898 2285 3966 (sie)
2308 3914 2372 3954 v:
2407 3900 2681 3967 quondam

427 3986 538 4039 AB
749 3986 814 4039 12
857 3988 954 4040 aut
998 4002 1098 4040 om.
1146 3985 1202 4039 Β
1405 3985 1546 4039 alius
1590 3985 1718 4039 deus
1755 3987 1887 4038 tunc
1932 3984 1987 4038 Β
2196 3982 2262 4037 14
2307 3999 2402 4051 per
2438 3983 2687 4053 singulas

426 4071 481 4125 Β
516 4087 584 4126 m.
607 4073 651 4126 2
683 4071 814 4126 add.
991 4072 1055 4126 18
1091 4070 1453 4139 conprobatur
1487 4072 1542 4126 Β
1720 4070 1790 4125 20
1832 4070 2231 4138 inmensamque
2265 4069 2323 4124 Β
2495 4069 2563 4123 21
2598 4069 2681 4122 iu-

426 4156 555 4211 bens
592 4174 662 4214 ex
695 4158 848 4213 iubet
881 4158 946 4215 in
979 4174 1013 4213 v
1047 4157 1396 4214 Brassianus
1602 4160 1670 4214 25
1705 4158 1985 4213 uideretur
2019 4156 2076 4213 Β
2272 4157 2341 4211 26
2374 4172 2484 4212 non
2517 4155 2686 4211 fuisse

425 4243 607 4298 meriti
641 4244 697 4297 Β
750 4273 755 4278 -

527 4345 684 4400 VIII.
2440 4345 2474 4398 2
