3380 4919
1037 321 1112 376 de
1147 320 1411 391 gubern.
1445 321 1550 377 dei
1589 321 1698 378 VII
1743 327 1773 389 5
1812 321 1963 378 1-9,
2497 325 2620 394 157

384 510 665 594 partibus
708 510 928 577 muudi
969 510 1131 576 risus
1172 509 1417 576 nostros
1458 510 1755 577 lacrimae
1797 514 2288 595 consequuntur,
2333 530 2405 578 ac
2445 512 2620 579 uenit

384 613 591 683 etiam.
605 614 671 677 in
708 612 1021 696 praesenti
1064 630 1248 695 super
1291 630 1402 679 nos
1443 613 1602 678 illud
1634 612 1882 679 domini
1919 612 2122 679 nostri
2164 612 2432 681 dietum:
2477 634 2520 681 u
2533 632 2619 681 ae

383 716 642 801 uobis,
689 715 819 799 qui
860 714 1179 794 ridetis,
1225 717 1589 798 quoniam
1633 716 1977 785 flebitis.

464 835 550 902 Πὸ
620 835 739 902 Sed
785 835 1080 916 forsitan,
1138 853 1284 901 eum
1326 835 1417 901 de
1463 836 1725 902 ludicris
1783 855 1857 903 ac
1899 828 2305 905 foeditatibus
2346 834 2612 920 publicis
2636 836 2673 901 7

341 960 366 1001 s
385 937 738 1004 diutissime
782 938 1136 1016 dixerimus,
1164 926 1250 1003 ‘in
1292 938 1409 1005 hoc
1437 938 1686 1005 tantum
1720 939 2058 1006 deteriores
2104 957 2393 1007 essenos
2436 942 2617 1022 putes

383 1040 686 1125 barbaris,
733 1041 879 1125 quia
922 1040 1022 1106 ini
1066 1041 1218 1107 haee
1258 1058 1382 1108 non
1420 1045 1606 1125 agant
1652 1060 1766 1108 nos
1810 1061 2088 1128 agamus,
2135 1046 2406 1109 ceterum
2450 1042 2617 1124 ipsos

384 1143 653 1210 carnalis
703 1142 988 1209 libidinis
1042 1138 1279 1209 scelere
1334 1147 1398 1210 et
1451 1143 1875 1211 fornicationis
1935 1145 2216 1211 funestae
2265 1161 2449 1211 caeno
2492 1160 2617 1209 nen

383 1246 472 1310 ita
514 1245 731 1330 pollui.
780 1262 1222 1328 comparemus,
1264 1248 1319 1312 si
1359 1248 1589 1330 placet,
1642 1249 1863 1314 ceteris
1909 1247 2265 1315 nationibus
2291 1248 2505 1314 ‘etiam
2547 1245 2615 1311 in

383 1347 498 1413 hac
540 1350 718 1433 parte
762 1347 1093 1415 Romanos.
1170 1351 1236 1414 et
1277 1348 1531 1431 quidem
1575 1350 1784 1415 nescio
1831 1369 1912 1416 an
1971 1350 2121 1416 ullis
2159 1351 2397 1416 ¹rectius
2444 1366 2616 1416 com·
2697 1348 2716 1404 ἵ

322 1475 367 1514 ιο
384 1454 674 1532 parentur
729 1469 915 1534 quam
970 1452 1066 1517 his
1083 1501 1099 1529 ,
1165 1470 1315 1536 quos
1379 1452 1529 1518 deus
1586 1455 1650 1517 iu
1709 1452 1915 1519 medio
1977 1453 2067 1518 rei
2130 1453 2412 1537 publicae
2471 1453 2616 1518 sinu

381 1541 612 1635 positos
657 1555 1046 1637 'possessores
1102 1554 1252 1620 fecit
1296 1573 1383 1621 ac·
1430 1556 1709 1622 dominos
1753 1555 1872 1622 soli
1916 1574 2047 1623 esse
2089 1556 2394 1622 Romani.-
2451 1555 2615 1621 unde

385 1655 668 1738 quamuis
725 1655 883 1722 nihil
950 1656 1256 1740 disputari
1317 1657 1395 1723 de
1458 1656 1690 1724 iudicio
1747 1658 1847 1724 dei
1907 1660 2132 1742 possit,
2201 1661 2415 1723 tamen
2471 1674 2614 1722 cum

385 1758 658 1824 ablatam
712 1758 890 1826 nobis
946 1761 1102 1825 iuris
1155 1760 1353 1826 nostri
1394 1762 1696 1844 optimam
1738 1763 1980 1845 partem
2031 1759 2310 1826 barbaris
2355 1756 2613 1837 dederit,

382 1859 720 1937 uideamus,
768 1879 846 1926 an
877 1861 962 1941 id,
1009 1862 1173 1944 quod
1205 1862 1384 1929 nobis
1413 1863 1563 1929 tulit
1606 1867 1672 1929 et
1699 1864 1830 1930 illis
1859 1863 2145 1945 tradidit,
2192 1863 2353 1928 iusto
2384 1860 2614 1927 iudicio

324 1984 368 2025 ιε
383 1952 708 2029 tradidisse
751 1964 1056 2030 uideatur.
1125 1963 1363 2030 nemini
1405 1965 1664 2033 dubium
1713 1970 1807 2032 est
1835 1967 2187 2050 Aquitanos
2238 1982 2309 2032 ac
2340 1963 2612 2030 Nouem·
2633 1969 2673 2036 8

382 2066 640 2149 populos
708 2066 1052 2133 medullam
1108 2067 1249 2132 -fere
1314 2069 1594 2135 omnium
1662 2067 2010 2137 Galliarum
2076 2072 2140 2137 et
2204 2071 2358 2137 uber
2419 2067 2616 2134 totius

382 2167 782 2233 fecunditatis
830 2169 1136 2247 habuisse,
1181 2187 1295 2234 nec
1336 2170 1541 2236 solum
1586 2170 2007 2255 fecunditatis,
2061 2173 2190 2250 sed,
2237 2189 2394 2254 quae
2438 2187 2616 2252 prae·

380 2269 520 2350 poni
576 2272 889 2337 interdum
942 2270 1318 2338 fecunditati
1379 2273 1581 2339 solent
1596 2320 1612 2352 ‚
1680 2273 2082 2340 iucunditatis
2133 2272 2615 2359 pulchritudinis

381 2372 741 2455 uoluptatis.
828 2376 978 2440 adeo
1032 2374 1167 2440 illic
1220 2376 1420 2441 omnis
1475 2378 1807 2442 admodum
1874 2377 2040 2462 regio
2104 2376 2213 2441 aut
2279 2375 2617 2440 intertexta

321 2475 579 2541 zonineis
624 2477 737 2543 aut
777 2477 1105 2543 florulenta
1150 2478 1344 2560 pratis
1403 2482 1512 2543 aut
1557 2478 1862 2545 distincta
1903 2479 2169 2545 culturis
2215 2482 2324 2545 aut
2369 2480 2616 2545 condita

382 2563 579 2659 pomis
633 2579 745 2645 aut
798 2581 1126 2646 amoenata
1177 2580 1336 2647 lucis
1380 2584 1492 2648 aut
1551 2581 1796 2666 inrigua
1839 2579 2116 2650 fontibus
2158 2583 2267 2648 aut
2309 2581 2615 2648 interfusa

381 2679 743 2746 fluminibus
799 2685 909 2747 aut
965 2682 1194 2748 crinita
1235 2684 1538 2749 messibus
1584 2684 1740 2767 fuit,
1801 2687 1872 2749 ut
1923 2703 2072 2751 uere
2122 2702 2500 2768 possessores
2525 2691 2616 2751 ‘ac

383 2781 614 2848 domini
658 2787 863 2851 terrae
904 2786 1079 2852 illius
1121 2803 1244 2853 non
1289 2790 1423 2851 tam
1455 2786 1574 2852 soli
1600 2786 1784 2853 istius
1813 2788 2159 2870 portionem
2205 2806 2390 2871 quam
2429 2805 2616 2870 para-

385 2884 498 2950 disi
526 2885 868 2968 imaginem
897 2890 1236 2970 possedisse
1263 2887 1616 2955 uideantur.
1663 2889 1815 2973 quid
1845 2908 1991 2975 ergo
2036 2893 2175 2975 post
2204 2890 2331 2956 ista
2364 2890 2675 2957 omnia?9

580 3094 1003 3163 261,an25
1068 3125 1103 3145 ·.

482 3292 514 3345 1
544 3306 610 3345 ac
642 3293 799 3346 uenit
824 3291 936 3347 AB
968 3291 1064 3350 sed
1095 3292 1153 3347 A
1185 3297 1319 3350 mut.
1348 3309 1417 3350 m.
1453 3296 1492 3349 2
1523 3308 1584 3348 ac
1615 3293 1679 3350 in
1713 3294 1780 3350 ad
1813 3335 1836 3344 .,
1985 3294 2020 3348 2
2053 3294 2394 3362 impraesenti
2428 3297 2485 3352 A

384 3377 416 3431 5
447 3379 601 3445 putes
635 3392 778 3432 corr.
815 3392 884 3432 ex
916 3379 1072 3446 putet
1107 3394 1172 3433 v:
1225 3378 1376 3448 put&
1411 3392 1577 3447 super
1612 3380 1640 3431 t
1673 3394 1780 3435 eor.
1815 3394 1885 3433 m.
1917 3394 2022 3435 rec.
2060 3380 2094 3433 d
2128 3382 2184 3433 A
2241 3382 2398 3449 putet
2429 3381 2484 3434 Β

385 3462 417 3515 6
467 3463 679 3531 agimus
730 3462 787 3516 Β
991 3463 1108 3531 ipso
1160 3464 1217 3518 Β
1421 3464 1453 3518 7
1507 3464 1746 3519 carnales
1799 3463 2053 3518 libidines
2107 3467 2266 3536 (corr.
2304 3466 2417 3519 -nis
2450 3482 2519 3522 m.
2554 3469 2616 3533 2)

385 3551 435 3601 A
635 3549 696 3603 11
735 3549 839 3603 soli
871 3564 915 3603 a.
949 3564 1051 3605 scr.
1089 3551 1268 3606 altera
1302 3551 1322 3604 i
1356 3550 1437 3606 lit.
1470 3565 1538 3604 m.
1562 3553 1604 3605 2
1636 3551 1694 3606 A
1887 3550 1962 3605 141
1985 3550 2141 3620 tulit]
2179 3551 2322 3619 ‘fora
2357 3551 2510 3607 tollit
2544 3553 2613 3620 cf.

384 3633 454 3687 ad
484 3633 636 3689 V43’
669 3633 957 3701 Halmium
993 3639 1054 3689 at
1087 3636 1159 3702 cf.
1183 3634 1418 3691 indicem
1445 3634 1626 3691 111⁸.
1650 3652 1707 3690 u.
1742 3636 1853 3690 fero
2059 3637 2125 3692 15
2159 3639 2242 3691 est
2278 3637 2335 3691 Β
2367 3652 2409 3691 a.
2446 3637 2481 3691 l.

382 3720 791 3789 nouempopulos
816 3736 894 3776 ‘ex
930 3720 1042 3776 -lus
1075 3723 1132 3776 A
1165 3736 1308 3777 corr.
1344 3738 1414 3777 m.
1449 3725 1491 3777 2
1698 3722 1763 3782 18
1787 3722 2136 3782 ,fecunditate
2176 3738 2217 3778 e.
2253 3740 2283 3778 e
2322 3723 2420 3791 fin.
2456 3739 2561 3783 scr.
2596 3725 2617 3779 i

382 3819 448 3859 m.
471 3807 511 3860 2
543 3805 601 3860 A
768 3805 1118 3866 iocunditatis
1140 3821 1311 3876 super,
1328 3822 1360 3861 o
1383 3821 1485 3863 scr.
1511 3823 1547 3862 u
1570 3823 1640 3861 m.
1662 3810 1705 3862 2
1738 3807 1794 3861 A
1973 3808 2036 3870 19,
2072 3807 2220 3880 adeo]
2258 3808 2393 3868 addo
2425 3810 2484 3868 A

382 3890 686 3950 mnodum
719 3891 775 3945 A
809 3891 1034 3950 admodo
1072 3893 1127 3946 Β
1159 3909 1229 3947 m.
1259 3898 1290 3947 1
1498 3892 1568 3946 20
1601 3893 1774 3952 uineis
1798 3894 2065 3949 exueneis
2099 3894 2157 3949 A
2190 3910 2417 3956 comm.
2443 3900 2485 3952 2

383 3975 599 4038 cultoris
631 3992 800 4045 super
834 3994 866 4033 o
900 3993 1003 4033 aer.
1039 3994 1075 4032 u
1109 3994 1179 4036 m.
1204 3980 1244 4033 2
1276 3978 1332 4032 A
1519 3978 1733 4048 condita
1763 3979 1819 4033 A
1855 3979 1990 4047 (non
2024 3994 2161 4036 corr.
2196 3981 2261 4037 im
2293 3982 2517 4051 consita,
2554 3988 2619 4041 ut

384 4059 638 4118 Halmius
669 4061 845 4129 refert
878 4068 1116 4118 ceterum
1147 4068 1291 4119 recte
1323 4063 1534 4119 addens
1565 4064 1815 4133 ‘yewae'a'rrzt
1838 4064 2011 4121 durch
2032 4065 2142 4121 den
2163 4065 2318 4133 Dur-“t
2340 4068 2439 4123 der
2472 4068 2619 4125 Obst-

384 4145 602 4214 haume)
796 4149 865 4204 21
900 4148 1134 4219 inrigua]
1170 4148 1409 4219 inrigata
1443 4150 1498 4203 Β
1693 4149 2115 4219 mmmmm
2152 4168 2219 4208 ex
2256 4154 2375 4222 ·ris,
2414 4154 2617 4212 domini

388 4245 452 4285 ex
488 4248 579 4287 —ne
613 4239 665 4289 et
699 4235 801 4289 soli
836 4250 904 4292 ex
938 4235 1049 4290 sole
1082 4234 1140 4289 A
1180 4250 1321 4294 corr.
1353 4252 1421 4289 m.
1455 4236 1498 4292 2
