3380 4919
658 304 782 368 198
1626 299 1943 352 Saluiani

654 492 939 557 ridebant
1001 488 1243 554 scilicet
1303 491 1448 571 quia
1505 488 1983 567 maledicebant,
2052 489 2196 571 quia
2254 489 2720 554 insectabantur
2765 487 2909 570 quia

657 593 1163 672 detestabantur,
1232 592 1381 674 quia
1439 593 1650 656 omnia
1695 594 1762 656 in
1805 591 1951 658 illos
2007 611 2203 675 paene
2261 591 2570 669 fecerunt,
2640 610 2796 675 quae
2842 594 2908 656 in

654 699 1032 761 saluatorem
1079 698 1366 760 nostrum
1411 697 1782 760 Iudaeorum
1840 695 2130 778 impietas
2176 698 2321 759 ante
2367 694 2535 768 fecit,
2598 714 2783 778 quam
2831 696 2911 760 ad

578 844 579 847 κ
655 801 1025 865 effusionem
1070 801 1274 882 ipsam
1320 798 1519 863 diuini
1563 799 1884 880 sanguinis
1931 801 2304 881 perueniret.
2367 799 2630 877 sedisti,
2676 799 2908 881 inquiS,

653 907 898 970 sanctos
969 920 1090 966 non
1155 901 1532 980 occiderunt,
1602 902 1769 967 sicut
1834 902 2093 967 Iudaeos
2161 901 2386 966 fecisse
2456 900 2741 984 legimus,
2830 921 2909 966 an
2953 929 2979 966 5

653 1007 988 1074 occiderint
1045 1006 1286 1084 nescio,
1344 1023 1464 1071 non
1511 1005 1789 1085 affirmo,
1849 1006 1958 1070 sed
2000 1009 2213 1070 tamen
2258 1024 2489 1090 magna
2534 1006 2807 1071 defensio
2852 1007 2909 1070 si

652 1111 768 1175 hoc
811 1110 1062 1174 tantum
1099 1109 1168 1173 in
1213 1109 1302 1174 eis
1348 1109 1425 1174 de
1471 1126 1858 1191 paganorum
1904 1128 2020 1173 non
2066 1109 2193 1173 fuit
2237 1108 2685 1192 persecutione,
2748 1112 2909 1192 quod

548 1213 847 1286 20habet
889 1212 1238 1297 persecutio
1292 1213 1428 1294 ipsa
1470 1216 1874 1295 postremum.
1951 1217 2240 1300 putemus
2300 1229 2442 1294 ergo
2501 1212 2734 1277 occisos
2779 1213 2909 1277 illic

651 1336 776 1382 non
834 1335 967 1380 esse
1023 1316 1305 1380 sanctos:
1368 1317 1477 1380 sed
1534 1317 1683 1398 quid
1748 1314 2082 1393 faciemuS,
2146 1317 2310 1397 quod
2366 1335 2490 1380 non
2535 1320 2681 1381 sunt
2725 1318 2908 1399 longe

653 1419 732 1483 ab
780 1420 1204 1485 occidentibus
1250 1419 1356 1500 qui
1403 1419 1611 1483 animo
1656 1419 1981 1484 occisionis
2034 1423 2312 1497 oderunt,
2363 1419 2733 1501 praesertim
2767 1438 2910 1484 cum
2929 1448 2980 1487 10

580 1570 583 1573 -
656 1525 942 1588 dominus
988 1524 1122 1605 ipse
1154 1523 1352 1587 dicat:
1401 1523 1532 1603 qui
1576 1522 1744 1586 odit
1788 1521 2120 1586 fratrem
2165 1540 2387 1585 suum
2433 1523 2597 1586 sine
2643 1540 2909 1605 causa,

652 1626 1045 1691 homicida
1091 1629 1229 1690 est.
1295 1628 1579 1707 quamuis
1626 1643 1747 1690 non
1794 1625 1923 1689 sine
1970 1644 2154 1690 causa
2195 1627 2506 1709 persecuti
2541 1627 2670 1689 sint
2698 1643 2910 1689 seruos

653 1730 774 1794 dei.
837 1748 983 1794 nam
1031 1730 1167 1812 quis
1212 1728 1412 1795 dicere
1457 1730 1672 1811 possit,
1720 1731 1882 1813 quod
1929 1729 2062 1794 sine
2101 1747 2306 1807 causa,
2353 1728 2637 1794 homines
2668 1730 2909 1795 scilicet

654 1833 944 1897 omnibus
991 1852 1028 1897 a
1073 1852 1138 1898 se
1184 1834 1351 1896 uitae
1397 1851 1470 1898 ac
1514 1851 1760 1897 morum
1806 1833 2034 1898 studiis
2083 1834 2527 1915 discrepanteS,
2573 1832 2640 1896 in
2686 1831 2907 1914 quibus

654 1936 815 2001 nihil
858 1936 1156 2001 uidebant
1201 1955 1404 2012 suum,
1452 1935 1746 2017 quoniam
1785 1939 1883 2000 dei
1928 1937 2178 2000 totum?
2224 1940 2494 1999 maxima
2524 1936 2693 1999 enim
2725 1952 2909 1999 causa
2927 1965 2978 2003 ιε

654 2041 747 2103 est
794 2039 1249 2105 discordiarum
1294 2040 1622 2105 diuersitas
1669 2041 2089 2117 uoluntatum,
2137 2039 2282 2122 quia
2325 2039 2459 2103 fieri
2506 2042 2614 2102 aut
2659 2036 2908 2101 omnino

653 2162 777 2209 non
820 2145 1030 2227 potest
1076 2144 1187 2208 aut
1233 2143 1336 2207 uix
1379 2145 1606 2227 potest,
1654 2146 1725 2207 ut
1773 2163 1909 2208 eam
1954 2163 2089 2208 rem
2134 2143 2198 2208 in
2232 2143 2353 2208 alio
2386 2144 2713 2225 quisquam
2760 2143 2909 2206 dili-

548 2253 630 2320 21
654 2251 785 2329 gat,
831 2265 868 2309 a
913 2264 1034 2327 qua
1079 2247 1213 2327 ipse
1257 2245 1564 2310 dissentit.
1635 2247 1851 2328 itaque
1899 2265 2002 2312 eos
2047 2264 2169 2310 non
2216 2247 2347 2310 sine
2395 2263 2599 2321 causa,
2648 2246 2720 2309 ut
2764 2244 2909 2322 dixi,

654 2352 934 2425 oderunt,
979 2350 1048 2413 in
1093 2349 1317 2432 quibus
1365 2352 1574 2414 omnia
1616 2349 1738 2414 sibi
1770 2349 2016 2414 aemula
2047 2351 2233 2431 atque
2264 2349 2520 2413 inimica
2553 2347 2909 2412 cernebant.

652 2453 751 2519 illi
806 2452 975 2518 enim
1032 2455 1329 2520 uiuebant
1385 2455 1615 2537 iugiter
1649 2453 1724 2517 ·in
1769 2454 2051 2538 nequitia
2106 2453 2218 2518 isti
2278 2453 2343 2517 in
2387 2452 2760 2530 innocentia,
2813 2450 2981 2518 illiao

653 2559 717 2623 in
763 2557 1024 2623 libidine
1070 2558 1180 2621 isti
1223 2559 1287 2622 in
1333 2559 1648 2633 castitate,
1709 2557 1808 2622 illi
1852 2558 1919 2621 in
1965 2557 2182 2621 lustris
2226 2555 2337 2620 isti
2380 2555 2445 2619 in
2495 2556 2909 2633 monasteriiS,

651 2662 750 2726 illi
793 2680 981 2744 prope
1026 2660 1262 2742 iugiter
1305 2680 1446 2724 cum
1497 2660 1740 2725 diabolo
1786 2659 1897 2725 isti
1926 2660 2062 2723 sine
2091 2660 2430 2725 cessatione
2465 2677 2609 2723 cum
2641 2658 2911 2724 Christ0.

651 2782 776 2828 non
818 2765 958 2829 sine
1002 2781 1193 2828 causa
1238 2764 1446 2843 itaque
1490 2764 1650 2827 illud
1696 2764 1835 2841 fuit,
1898 2765 2060 2845 quod
2103 2764 2276 2827 intra
2319 2762 2575 2829 Africae
2622 2761 2910 2828 ciuitates

654 2872 719 2931 et
761 2867 1034 2931 maxime
1091 2869 1252 2931 intra
1299 2866 1692 2948 Carthaginis
1748 2884 1960 2931 muros
2009 2866 2345 2948 palliatum
2390 2868 2451 2930 et
2496 2865 2801 2948 pallidum
2848 2867 2910 2929 et

653 2970 866 3034 recisis
913 2987 1233 3034 comarum
1276 2970 1605 3033 fluentium
1650 2969 1813 3033 iubis
1845 2986 2039 3049 usque
2071 2971 2148 3034 ad
2181 2973 2388 3032 cutem
2420 2971 2670 3033 tonsum
2701 2968 2910 3033 uidere
2930 2992 2982 3032 25

656 3072 787 3135 tam
847 3071 1064 3136 infelix
1118 3072 1228 3136 ille
1285 3075 1554 3155 populus
1623 3090 1809 3155 quam
1869 3071 2141 3136 infidelis
2199 3074 2332 3136 sine
2391 3072 2666 3136 conuicio
2726 3074 2911 3153 atque

549 3182 636 3249 22
657 3174 1040 3239 execratione
1098 3177 1201 3240 uix
1257 3176 1518 3258 poterat,
1597 3178 1660 3239 et
1705 3178 1756 3239 si
1802 3177 2044 3257 quando
2104 3174 2334 3255 aliquis
2394 3174 2497 3240 dei
2542 3193 2756 3240 seruus
2802 3178 2909 3239 aut

656 3280 731 3343 de
775 3277 1228 3362 Aegyptiorum
1276 3278 1582 3344 coenobiis
1641 3280 1753 3343 aut
1796 3278 1871 3343 de
1916 3279 2104 3343 sacris
2149 3277 2546 3343 Hierusalem
2604 3276 2756 3342 locis
2802 3280 2912 3341 aut

657 3382 733 3446 de
779 3383 1012 3446 sanctis
1057 3381 1293 3447 heremi
1325 3383 1820 3464 uenerandisque
1852 3381 2109 3446 secretis
2143 3384 2218 3447 ad
2249 3384 2466 3447 urbem
2498 3381 2675 3446 illam
2706 3380 2911 3445 officio

661 3484 862 3551 diuini
908 3486 1112 3569 operis
1171 3487 1453 3563 accessit,
1511 3486 1701 3550 simul
1747 3487 1820 3548 ut
1863 3485 2089 3567 populo
2135 3486 2443 3568 apparuit,
2502 3482 2910 3548 contumelias
2930 3506 2981 3544 30

656 3588 984 3671 sacrilegia
1027 3591 1090 3653 et
1135 3590 1600 3654 maledictiones
1660 3587 1922 3670 excepit.
1997 3606 2112 3652 nec
2169 3587 2372 3652 solum
2429 3589 2565 3666 hoc,
2628 3588 2733 3653 sed
2791 3590 2914 3651 im-

654 3692 1043 3772 probissimis
1099 3685 1549 3776 flagitiosorum
1612 3691 1935 3757 hominum
1992 3692 2309 3757 cachinnis
2356 3696 2418 3756 et
2463 3692 2913 3757 detestantibus

654 3794 993 3859 ridentium
1040 3795 1239 3859 sibilis
1286 3800 1461 3879 quasi
1506 3795 1746 3861 taureis
1792 3796 2193 3861 caedebatur:
2252 3815 2397 3860 uere
2442 3799 2514 3860 ut
2559 3796 2613 3860 si
2660 3795 2797 3877 quis
2844 3814 2913 3860 ea

791 3905 891 3991 's
941 3913 1355 4005 11011.3,15¹

757 4065 823 4119 17
877 4083 984 4121 non
1030 4074 1081 4122 et
1126 4074 1222 4122 aut
1278 4071 1368 4122 uix
1422 4070 1600 4138 potest
1653 4084 1756 4122 om.
1803 4068 1858 4121 B
1902 4085 1972 4122 m.
2009 4073 2042 4123 1
2248 4069 2315 4122 24
2366 4068 2664 4137 palleatum
2720 4069 2773 4122 B

653 4153 721 4205 25
767 4151 940 4206 uideri
982 4153 1037 4206 B
1241 4154 1308 4207 27
1355 4155 1593 4224 poterat,
1639 4156 1697 4207 et
1730 4154 2063 4221 interpunoei
2106 4169 2229 4208 cum
2264 4154 2524 4208 Hartelio
2559 4157 2787 4224 poterat.
2844 4152 2920 4206 Et

655 4254 777 4292 cum
813 4238 935 4293 edd.
971 4240 1234 4294 Halmius
1438 4238 1507 4292 28
1542 4238 1823 4293 ierusalem
1858 4240 1914 4292 B

384 4543 853 4714 '‘X.
