3380 4919
1372 1039 1799 1138 LIBER
1872 1040 1978 1138 ΙΙ.

633 1302 683 1365 Ι.
747 1300 1035 1366 Diximus
1083 1300 1158 1364 de
1197 1300 1486 1365 remediis
1530 1301 1944 1382 peccatorum,
1991 1297 2184 1363 immo
2228 1297 2438 1382 potius
2472 1299 2546 1362 de
2578 1299 2804 1382 spebus
2829 1298 2864 1360 1

545 1404 966 1470 remediorum
1024 1406 1209 1486 atque
1266 1401 1542 1483 solaciis,
1606 1401 1848 1467 scilieet
1902 1401 2016 1468 hoc
2073 1402 2348 1484 primum
2402 1402 2806 1485 inquirendae

545 1506 771 1572 salutis
816 1525 949 1573 esse
1004 1504 1403 1590 suffragium,
1465 1509 1535 1573 ut
1577 1507 1967 1589 peccatorem
2010 1504 2333 1587 paeniteat
2376 1505 2621 1585 erroris,
2668 1508 2808 1569 tum

508 1612 620 1675 aut
679 1609 854 1676 iuxta
911 1627 1260 1674 sermonem
1320 1627 1570 1675 sacrum
1629 1608 1849 1676 statim
1908 1611 2166 1690 peccata
2209 1626 2324 1672 sua
2365 1608 2805 1675 misericordiis

547 1713 831 1794 redimat,
878 1712 1212 1795 postremo,
1275 1713 1332 1777 si
1375 1713 1442 1777 id
1488 1731 1612 1778 non
1658 1712 1895 1788 fecerit,
1958 1732 2035 1778 ne
2078 1711 2229 1795 quid
2273 1712 2489 1778 saltim
2535 1712 2808 1779 moriens

544 1814 932 1899 inexpertum
962 1815 1294 1900 relinquat,
1326 1821 1399 1883 ut
1428 1818 1532 1882 uel
1560 1816 1794 1882 ultima
1825 1816 1946 1884 sibi
1969 1835 2179 1881 rerum
2201 1833 2459 1881 suarum
2491 1815 2808 1882 oblatione

546 1921 886 1985 succurrat.
991 1922 1100 1985 sed
1172 1923 1613 2004 respondeatur
1693 1920 1956 1986 fortasse
2030 1918 2227 1984 illud:
2314 1918 2372 1983 si
2443 1921 2806 2002 peccatores

546 2020 830 2087 homines
890 2022 1006 2088 hac
1064 2024 1572 2090 redimendorum
1633 2023 1969 2088 criminum
2030 2022 2399 2088 necessitate
2453 2026 2804 2102 teneantur,

478 2147 529 2187 ιο
546 2127 796 2190 sanctos
841 2125 1074 2208 absque
1121 2126 1330 2205 dubio,
1374 2126 1482 2208 qui
1527 2126 1656 2189 sint
1696 2127 1979 2208 expertes
2012 2125 2366 2203 criminum,
2414 2143 2539 2190 non
2584 2127 2803 2204 teneri,

546 2244 619 2291 ac
661 2246 770 2308 per
812 2227 929 2292 hoc
975 2246 1096 2292 non
1139 2227 1368 2293 habere
1392 2282 1393 2287 ,
1415 2245 1516 2292 eos
1561 2245 1814 2293 causam
1852 2226 2238 2292 substantiae
2274 2227 2651 2310 largiendae,
2698 2228 2806 2310 qui

542 2345 671 2392 non
725 2328 998 2393 habeant
1052 2330 1216 2412 quod
1273 2329 1576 2395 redimere
1622 2347 1725 2394 eos
1768 2348 2022 2394 necesse
2066 2329 2151 2394 sit
2194 2328 2511 2415 largitate.
2589 2330 2804 2395 audio:

542 2435 653 2498 sed
695 2431 760 2497 id
806 2431 990 2515 quale
1036 2431 1121 2497 sit
1181 2433 1309 2498 iam
1365 2431 1738 2499 uidebimus.
1816 2431 2092 2507 interim,
2162 2430 2409 2498 etiamsi
2466 2428 2869 2515 praeterita2

542 2537 716 2601 mala
758 2552 883 2601 non
926 2536 1074 2620 sint,
1120 2553 1277 2620 quae
1320 2538 1614 2600 sanctum
1657 2535 1978 2614 hominem
2009 2537 2287 2617 oporteat
2331 2536 2516 2601 rebus
2562 2536 2807 2602 cunctis

476 2659 527 2701 15
543 2640 880 2718 redimere,
949 2642 1099 2704 sunt
1167 2641 1381 2703 tamen
1445 2638 1741 2720 perennia
1807 2640 1995 2716 bona,
2064 2656 2224 2721 quae
2289 2655 2514 2722 magno
2582 2638 2808 2705 debeat

546 2759 893 2826 conparare.
969 2743 1078 2807 sed
1123 2741 1198 2806 de
1254 2742 1370 2807 hoc
1430 2742 1677 2823 plenius
1724 2744 1959 2825 postea.
2038 2761 2204 2809 nunc
2247 2747 2460 2809 autem
2504 2743 2621 2808 hoc
2668 2742 2804 2809 dico

545 2844 742 2911 libere
787 2850 850 2910 et
894 2844 1251 2910 constanter
1298 2844 1578 2926 adfirmo,
1627 2847 1939 2911 neminem
1975 2863 2108 2911 esse
2141 2845 2391 2911 omnino
2423 2849 2804 2924 sanctorum,

545 2948 653 3031 qui
694 2964 817 3014 non
861 2948 929 3012 in
974 2948 1193 3014 multis
1239 2946 1326 3013 sit
1368 2952 1480 3015 deo
1528 2948 1792 3027 debitor,
1845 2966 1919 3013 ac
1961 2967 2072 3032 per
2118 2948 2235 3014 hoc
2279 2968 2422 3013 eum
2467 2966 2806 3033 quaecum-

545 3068 665 3133 que
732 3050 977 3117 domino
1036 3069 1148 3117 suo
1208 3051 1448 3117 dederit
1509 3068 1634 3115 non
1695 3054 1828 3116 tam
1887 3052 2115 3117 donare
2161 3068 2348 3135 quam
2392 3052 2655 3120 soluere.
2730 3050 2868 3116 ac3

476 3153 850 3236 imprimam,
918 3155 991 3219 ut
1051 3155 1126 3219 de
1187 3152 1508 3220 beneficiis
1576 3141 1974 3238 generalibus
2032 3153 2269 3238 dicam,
2335 3155 2403 3220 id
2462 3155 2578 3233 est,
2644 3152 2807 3239 quod

538 3255 825 3340 quisquis
892 3257 996 3323 uel
1062 3260 1423 3323 sanctorum
1482 3275 1547 3323 es
1604 3257 1716 3321 ille
1773 3256 1877 3322 uel
1945 3257 2238 3335 diuitum,
2304 3256 2581 3340 primum
2624 3255 2807 3322 beni-

544 3360 819 3425 uolentia
877 3378 949 3425 ac
1008 3362 1166 3425 dono
1228 3360 1327 3424 dei
1371 3347 1435 3423 et
1476 3347 1687 3425 natus
1711 3362 1775 3425 et
1817 3359 1987 3425 altus
2032 3359 2100 3425 et
2145 3362 2441 3426 educatus
2487 3377 2570 3438 es,
2639 3359 2806 3441 quod

545 3462 728 3527 rebus
800 3465 877 3528 ad
953 3463 1156 3527 uitam
1227 3462 1590 3528 necessariis
1664 3462 2104 3541 communitus,
2182 3462 2347 3543 quod
2419 3459 2612 3526 etiam
2681 3447 2807 3525 non

546 3564 923 3630 necessariis·
952 3564 1398 3646 locupletatus,
1446 3567 1608 3646 quod
1653 3564 1793 3647 plus
1822 3563 1902 3629 ad
1945 3583 2129 3628 usum
2151 3581 2154 3588 ’
2174 3563 2292 3630 tibi
2324 3563 2611 3628 dominus
2657 3562 2805 3627 tuus

477 3667 770 3734 attribuit
816 3685 1005 3749 quam
1049 3670 1269 3733 modus
1315 3678 1544 3734 usuum
1587 3666 1959 3752 postulauit,
2008 3668 2171 3752 quod
2218 3668 2494 3734 extendit
2538 3666 2804 3751 denique

562 3897 567 3902 ’
647 3906 683 3959 4
715 3906 1053 3975 peccatorum
1088 3905 1145 3958 Β
1290 3937 1293 3942 -
1372 3907 1622 3975 ‘peniteat
1655 3907 1712 3962 A
1915 3907 1953 3961 6
1988 3907 2183 3961 saltem
2219 3922 2289 3962 cx
2326 3907 2454 3960 ·tim
2493 3921 2636 3963 corr.
2669 3922 2741 3962 m.
2766 3901 2808 3961 ἒ

544 3993 601 4045 Α
771 3994 836 4045 ut
859 3995 946 4045 uel
981 3990 1325 4046 Hartman:-
1348 3993 1439 4047 uel
1472 3991 1583 4047 AB
1594 3992 1857 4049 Halmius
2030 3993 2097 4047 14
2131 3995 2375 4047 sanctum
2405 4007 2481 4047 ccc
2509 3992 2804 4048 secundum

544 4091 684 4131 corr.
721 4093 791 4131 m.
828 4078 869 4131 2
911 4076 968 4130 Β
1092 4071 1095 4076 ’
1172 4077 1374 4132 21--1101
1417 4077 1676 4149 diuitum]
1728 4079 1818 4133 uel
1862 4077 1969 4132 tibi
2002 4078 2206 4133 uideris
2251 4078 2326 4134 ‘J.
2362 4077 2629 4149 Meyem
2663 4079 2807 4135 conl.

542 4165 594 4228 §-
629 4165 667 4217 6
698 4162 820 4218 im‘t.
855 4168 1002 4218 recte
1035 4167 1098 4218 ut
1131 4162 1368 4219 uidetur·
1413 4163 1679 4219 Hamus
1885 4163 1954 4218 22
1999 4164 2166 4219 alitus
2202 4180 2272 4220 ex
2301 4164 2449 4219 altus
2481 4179 2626 4220 corr.
2660 4181 2730 4220 m.
2766 4165 2808 4219 2

545 4248 602 4302 Β
806 4246 1054 4303 edocatus
1089 4248 1196 4302 ΑΒ
1827 4281 1832 4288 -
