3380 4919
667 311 753 377 62
1200 306 1517 362 Saluiani
1550 305 1627 360 de
1662 305 1938 375 gubern.
1975 305 2083 360 dei
2117 304 2209 360 ΙΙΙ
2244 310 2276 371 5
2311 305 2394 360 60.

665 517 786 583 quo
828 498 905 563 fit
947 498 1021 562 ut
1066 495 1261 562 ciziam
1304 513 1417 563 nos
1433 544 1450 577 ‚
1512 496 1622 579 qui
1665 492 2004 560 Christiani
2061 513 2192 561 esse
2236 494 2505 561 dicimur
2518 543 2535 573 ‚
2591 495 2925 579 perdamus

562 601 650 668 60
665 601 798 666 uim
841 599 1010 666 tanti
1052 599 1323 666 nominis
1366 596 1524 664 uitio
1569 598 1922 681 prauitatis.
1989 597 2150 663 nihil
2193 597 2365 664 enim
2393 597 2646 663 omnino
2675 600 2927 680 prodest

666 722 889 769 nomen
944 706 1232 769 sanctum
1285 702 1513 767 habere
1559 700 1694 766 sine
1738 699 2019 766 moribus
2036 747 2053 778 ‚
2099 700 2247 784 quia
2288 699 2425 767 uita
2468 718 2506 766 a
2546 700 2925 786 professione

666 805 1018 872 discordans
1086 805 1348 890 abrogat
1410 804 1699 870 inlustris
1761 803 1941 868 tituli
2000 803 2296 869 honorem
2351 822 2461 887 per
2522 803 2925 889 indignorum

666 910 921 974 actuum
992 907 1325 974 uilitatem.
1410 906 1576 972 unde
1641 925 1789 971 cum
1853 924 2047 989 paene
2109 906 2355 973 nullam
2421 904 2924 973 Christianorum
2967 926 2994 969 s

665 1011 949 1077 omnium
991 1013 1242 1095 partem
1257 1060 1272 1091 ‚
1318 1029 1512 1094 paene
1556 1010 1807 1074 nullum
1850 1009 2255 1075 ecclesiarum
2298 1011 2580 1077 omnium
2622 1011 2926 1095 angulum

666 1134 789 1180 non
832 1114 1092 1199 plenum
1137 1115 1311 1180 omni
1353 1112 1685 1180 offensione
1717 1115 1784 1178 et
1810 1113 1981 1178 omni
2024 1113 2314 1180 lebalium
2343 1116 2740 1196 peccatorum
2782 1112 2923 1178 labe

667 1217 1010 1296 uideamus,
1056 1217 1206 1301 quid
1250 1222 1378 1298 est,
1422 1219 1490 1283 in
1533 1236 1654 1302 quo
1698 1218 1878 1285 nobis
1923 1218 1999 1284 de
2044 1217 2402 1286 Christiano
2444 1218 2696 1284 nomine
2741 1217 2923 1282 blan-

666 1321 931 1405 diamur,
979 1339 1123 1386 cum
1167 1321 1385 1404 utique
1432 1321 1547 1387 hoc
1588 1320 1728 1403 ipso
1773 1320 1978 1405 magis
2021 1340 2133 1404 per
2167 1340 2397 1388 nomen
2425 1321 2924 1387 sacratissimum

664 1424 756 1488 rei
800 1423 1013 1504 simus,
1060 1425 1208 1508 quia
1250 1442 1288 1489 a
1330 1427 1545 1489 sancto
1591 1424 1842 1490 nomine
1888 1423 2352 1512 discrepamus;
2406 1444 2552 1490 nam
2597 1423 2737 1490 ideo
2780 1423 2925 1507 plus
2943 1440 2995 1482 ιο

665 1527 781 1593 sub
835 1527 1155 1612 religionis
1209 1526 1402 1593 titulo
1461 1527 1646 1593 deum
1692 1527 2031 1611 laedimus,
2092 1529 2238 1611 quia
2281 1528 2471 1612 positi
2512 1529 2583 1594 in
2622 1526 2923 1612 religione

662 1648 1010 1715 peccamus.

771 1905 798 1958 1
848 1905 944 1974 qui
985 1921 1096 1960 non
1131 1903 1466 1961 Christianos
1513 1920 1625 1958 esse
1676 1904 1906 1960 dicimus
1951 1907 2008 1961 B
2063 1906 2157 1974 qni
2192 1906 2529 1961 Christianos
2566 1905 2683 1972 (sed
2717 1921 2748 1959 o
2783 1910 2922 1962 mut.

664 1991 730 2045 in
764 1990 786 2043 i
821 1997 872 2046 et
908 2007 934 2045 s
961 1993 1181 2060 punct.)
1217 2006 1332 2046 esse
1354 1990 1583 2045 dicimur
1616 1993 1673 2046 A
1850 1993 1885 2046 2
1918 1991 2133 2049 omnino
2158 1993 2303 2048 enim
2326 1993 2470 2047 nihil
2503 1992 2559 2047 B
2732 1992 2767 2046 5
2802 2005 2924 2045 cum
3047 2006 3058 2013 “

665 2093 767 2133 om.
802 2077 858 2131 A
1062 2078 1095 2131 7
1141 2077 1414 2132 lo&alium
1460 2079 1516 2133 A
1724 2078 1793 2134 10
1835 2088 2018 2134 sancto
2053 2080 2110 2134 B
2146 2096 2186 2134 s.
2222 2080 2259 2137 l.
2465 2095 2592 2135 nam
2626 2081 2683 2134 et
2725 2078 2782 2132 B

666 2164 734 2218 11
778 2163 1009 2218 ledimus
1057 2181 1127 2221 a
1168 2164 1409 2220 ludimus
1453 2165 1520 2219 in
1550 2181 1584 2221 v
1623 2180 1763 2221 corr.
1811 2166 2215 2222 Brassicanus:
2268 2165 2544 2221 laudemus
2580 2166 2635 2220 A
2687 2164 2924 2219 ludimus

665 2251 722 2305 B
758 2252 844 2319 (in
875 2252 1169 2323 archetypo
1201 2253 1257 2307 A
1294 2251 1411 2308 cod.
1443 2252 1620 2319 fuisse
1657 2253 1907 2321 suspicor
1939 2253 2208 2308 laudimus
2241 2268 2286 2308 s.
2308 2268 2416 2311 scr.
2452 2269 2481 2306 e
2513 2253 2592 2309 lit.
2628 2268 2769 2323 quae
2802 2252 2924 2307 sub-

665 2338 953 2395 stituenda
982 2338 1097 2406 fwit
1131 2354 1233 2410 pro
1267 2356 1306 2393 u
1337 2336 1435 2393 sed
1467 2339 1610 2395 male
1643 2339 1956 2409 ponebatur
1989 2355 2085 2409 pro
2122 2340 2166 2407 i)
2374 2340 2441 2394 12
2476 2344 2606 2409 post
2646 2354 2923 2407 peccamus

665 2428 828 2481 imm
864 2428 977 2482 miz.
1016 2439 1107 2482 111.
1162 2440 1377 2483 mmm
1410 2440 1581 2483 mum
1617 2430 1739 2496 (om.
1777 2425 1852 2496 B)
1907 2439 2160 2487 ausurus
2195 2426 2307 2482 AB
