3380 4919
1038 342 1114 397 de
1147 342 1423 413 gubern.
1460 340 1570 398 dei
1606 343 1730 399 1111
1772 348 1804 410 ὅ
1839 343 2063 400 43—49.
2600 348 2676 415 81

424 531 555 597 filio
599 530 923 616 unigenito
968 534 1032 596 et
1074 531 1192 597 hoc
1231 530 1362 597 filio
1407 529 1553 597 deo:
1608 531 1762 615 quid
1818 532 1943 599 dici
1987 534 2256 617 amplius
2300 536 2555 617 potest?
2621 538 2685 603 et

418 633 536 700 hoc
579 650 694 717 pro
752 632 960 713 nobis,
1012 632 1081 698 id
1126 637 1223 699 est
1265 651 1377 717 pro
1421 634 1606 701 malis
1663 651 1776 718 pro
1834 635 2063 719 iniquis
2107 652 2219 721 pro
2265 636 2679 720 impiissimis.

420 738 557 821 quis
616 737 948 802 aestimare
1008 736 1176 803 hunc
1237 754 1386 823 erga
1426 754 1540 804 nos
1587 738 1690 804 dei
1734 756 2009 805 amorem
2068 742 2285 823 queat,
2346 740 2469 806 nisi
2515 743 2680 826 quod
2700 742 2784 808 47

417 839 666 907 iustitia
705 840 808 906 dei
848 842 1029 907 tanta
1073 840 1188 921 est,
1235 842 1311 906 ut
1350 841 1418 906 in
1465 856 1607 908 eum
1653 841 1892 925 aliquid
1935 842 2244 909 iniustum
2290 845 2507 909 cadere
2551 860 2679 911 non

375 945 663 1027 spossiti·
700 960 852 1009 nam
883 947 1190 1027 quantum
1221 945 1301 1011 ad
1332 944 1647 1011 rationem
1675 945 2020 1011 humanam
2049 946 2345 1028 pertinet,
2377 946 2679 1014 iniustam

416 1064 553 1114 rem
590 1048 779 1113 ‘homo
826 1047 1096 1130 quilibet
1139 1046 1394 1128 fecerat,
1436 1049 1495 1115 si
1523 1066 1635 1133 pro
1665 1051 1950 1132 pessimis
1977 1051 2179 1116 seruis
2211 1046 2415 1116 fllium
2442 1047 2680 1123 bonum

418 1150 670 1217 fecisset
722 1149 939 1217 occidi.
1002 1150 1113 1216 sed
1166 1152 1386 1234 utique
1422 1149 1548 1218 ,hoc
1591 1152 1795 1233 magis
1843 1149 2325 1218 inaestimabilis
2369 1152 2569 1236 pietas
2614 1155 2680 1220 et

416 1255 535 1321 hoc
579 1257 782 1337 magis
825 1253 1139 1319 mirabilis
1183 1253 1287 1319 dei
1332 1254 1538 1319 uirtus
1587 1258 1717 1340 est,
1763 1254 1927 1337 quod
1972 1255 2066 1320 ita
2109 1252 2393 1340 intellegi
2441 1256 2518 1321 ab
2561 1256 2677 1321 ho-

416 1359 586 1422 mine
651 1356 1022 1441 magnitudo
1066 1357 1340 1422 iustitiae
1400 1376 1547 1423 suae
1608 1375 1732 1423 non
1791 1359 2032 1440 potest,
2079 1361 2185 1436 ut,
2244 1361 2555 1441 quantum
2599 1359 2679 1425 ad

352 1477 403 1519 ιο
416 1459 896 1528 inbecillitatem
953 1461 1295 1525 humanam
1355 1460 1664 1542 pertinet,
1727 1478 1926 1543 ‘paene
1985 1459 2339 1526 iniustitiae
2408 1463 2680 1544 speciem

417 1564 784 1648 magnitudo
850 1562 1132 1629 iustitiae
1198 1563 1427 1628 habere
1491 1563 1798 1629 uideatur.
1878 1567 1942 1628 et
2009 1564 2149 1628 ideo
2215 1565 2532 1647 apostolus
2600 1565 2680 1630 ad

417 1667 815 1734 indicandam
873 1665 1054 1732 nobis
1109 1667 1508 1749 aliquatenus
1555 1665 1803 1732 diuinae
1849 1665 2308 1732 misericordiae
2351 1667 2681 1732 immensi-

416 1774 616 1837 tatem
681 1772 777 1836 sic
844 1770 965 1836 ait:
1038 1771 1126 1835 ut
1193 1770 1375 1854 quid
1442 1771 1645 1836 enim
1711 1769 2119 1852 ChristuS,
2200 1788 2365 1838 cum
2428 1770 2683 1837 adhuc

416 1875 646 1958 impii
705 1892 1082 1959 essemu‘S,
1151 1875 1585 1939 secundum
1636 1874 1950 1956 tempus
1996 1892 2129 1956 pro
2173 1874 2445 1957 impiis
2490 1893 2682 1939 mor-

351 1979 595 2044 1⁵tuus
654 1981 820 2044 est?
878 1979 1014 2044 uix
1071 1980 1275 2043 enim
1319 1993 1455 2059 pro
1494 1976 1714 2042 ⁴iusto
1762 1980 1932 2061 quis
1976 1979 2339 2044 moritur.
2407 1974 2785 2045 ostendit48

416 2081 692 2165 profecto
751 2080 934 2146 nobis
990 2098 1119 2146 una
1172 2078 1295 2144 hac
1353 2080 1662 2145 sententia
1720 2080 2024 2163 pietatem
2084 2081 2201 2146 dei.
2270 2100 2418 2146 nam
2471 2079 2528 2146 si
2573 2078 2680 2146 uix

414 2185 582 2251 ullus
624 2200 736 2267 pro
779 2201 1029 2249 summa
1072 2183 1320 2250 iustitia
1375 2187 1645 2248 mortem
1704 2182 1998 2265 suscipit,
2054 2183 2345 2266 probauit
2392 2183 2678 2248 Christus

417 2290 721 2372 quantum
776 2286 1157 2372 praestiterit
1198 2304 1312 2371 pro
1356 2288 1572 2351 nostra
1628 2285 1964 2368 iniquitate
2007 2286 2346 2352 moriende.
2412 2286 2521 2351 sed
2568 2304 2678 2351 cur

413 2391 530 2457 1199
586 2390 808 2456 fecerit
862 2389 1187 2469 dominus,
1248 2388 1473 2454 statim
1515 2389 1582 2453 in
1627 2388 1903 2453 subditis
1949 2389 2138 2453 docet
2173 2389 2415 2454 dicens:
2484 2406 2678 2457 com-

348 2496 736 2562 mmendat
777 2499 1043 2562 autem
1082 2512 1309 2559 suam
1356 2492 1775 2558 caritatem
1820 2492 2011 2555 deus
2053 2491 2135 2556 in
2177 2474 2679 2557 nobisz'nam

415 2598 509 2677 si,
577 2616 746 2664 cum
815 2597 1072 2663 adhuc
1137 2597 1594 2679 peccatores
1658 2611 2043 2673 essemus,
2107 2592 2478 2659 Christus
2538 2611 2676 2677 pro

412 2702 636 2768 nobis
694 2701 1054 2766 mortuus
1111 2700 1264 2775 est,
1323 2698 1579 2763 multo
1621 2699 1873 2781 magis
1914 2697 2173 2779 igitur
2216 2695 2678 2762 iustificati

413 2823 619 2870 nunc
678 2805 756 2869 in
816 2804 1216 2887 sanguine
1281 2801 1536 2888 ipsius
1595 2802 1807 2866 salui
1866 2801 2159 2865 erimus
2221 2800 2310 2865 ab
2369 2802 2487 2865 ira
2540 2816 2679 2882 per

413 2908 690 2990 ipsum.
758 2907 876 2973 hoc
919 2906 1054 2990 ipso
1098 2923 1247 2990 ergo
1294 2906 1724 2982 commendat,
1779 2904 1927 2986 quia
1982 2921 2090 2986 pro
2134 2902 2358 2986 impiis
2389 2907 2676 2969 mortuus

343 3032 397 3075 25
416 3014 540 3091 est3
600 3010 857 3076 maioris
915 3009 1084 3074 enim
1124 3007 1315 3091 pretii
1362 3011 1460 3072 est
1501 3008 1904 3085 beneficium,
1963 3009 2127 3089 quod
2171 3008 2533 3089 praestatur
2573 3006 2675 3098 in-

415 3113 640 3196 dignis.
710 3113 945 3178 idcirco
990 3114 1200 3194 itaque
1246 3111 1374 3176 ait:
1436 3112 1924 3175 commendat
1983 3129 2200 3175 suam
2254 3111 2677 3176 caritatem

416 3219 599 3284 deus
664 3219 740 3281 in
812 3216 1057 3281 nobis,
1132 3216 1436 3297 quomodo
1511 3213 1960 3280 commendat?
2034 3213 2277 3279 scilicet
2344 3214 2502 3295 quia„
2552 3231 2679 3280 non
2694 3209 2779 3276 49

622 3454 688 3508 13
723 3455 874 3509 Rom.
911 3455 962 3521 5,
998 3454 1031 3507 6
1240 3452 1305 3508 19
1341 3454 1494 3509 Rom.
1532 3452 1583 3519 5,
1619 3452 1654 3507 8

518 3675 548 3728 1
582 3678 643 3729 et
677 3674 808 3744 quid
842 3676 899 3729 B
1073 3676 1108 3729 3
1139 3674 1452 3729 existimare
1487 3674 1545 3729 B
1715 3679 1849 3743 erga
1885 3660 1953 3729 e'x
1981 3687 2118 3743 ergo.
2148 3672 2204 3727 A
2238 3675 2380 3728 σόη.
2401 3687 2477 3750 m.
2506 3675 2572 3727 1*

411 3763 606 3829 quaeat
650 3761 706 3816 A
911 3761 947 3816 5
990 3760 1131 3815 Nam
1177 3761 1272 3815 sed
1307 3759 1504 3829 priore
1547 3759 1604 3814 N
1653 3760 1736 3815 lit.
1757 3755 1758 3758 ’
1776 3765 1945 3829 parte
1983 3753 2158 3814 'eram
2208 3763 2275 3814 ut
2325 3763 2539 3814 restare
2588 3747 2675 3832 αἰ-

410 3846 616 3902 deam
669 3847 788 3901 Iam
840 3848 893 3901 A
1152 3847 1443 3901 humanam
1496 3846 1555 3900 B
1594 3862 1644 3901 s.
1678 3846 1717 3900 Ι.
1773 3849 1792 3876 ⁵
1907 3919 1910 3922 -
1969 3835 2005 3899 7
2058 3831 2272 3899 fecisset
2322 3851 2427 3922 om,
2481 3843 2540 3899 B

408 3933 643 4000 oceidis3
700 3938 753 4002 (s
799 3937 1019 4003 punct.)
1066 3927 1184 3987 's&d
1238 3933 1417 4001 (colon
1469 3937 1521 3988 et
1573 3932 1608 3986 d
1659 3932 1743 3987 lit.
1794 3947 1865 3989 m.
1917 3933 1980 3999 Β)
2033 3931 2091 3986 A
2147 3923 2429 4008 occidisset
2479 3925 2554 3985 BF'
2627 3931 2664 4006 J

409 4020 446 4073 a
497 4019 762 4075 mirabilis
820 4035 891 4075 ex
944 4019 1220 4074 miraculis
1281 4020 1339 4073 A
1394 4033 1531 4074 con.
1584 4034 1661 4073 m.
1716 4004 1780 4073 ε’
2012 4019 2081 4072 12
2131 4017 2559 4072 immensitatem
2607 4016 2672 4094 τ11

409 4119 455 4160 a.
490 4106 526 4160 1.
648 4115 651 4120 '
759 4106 825 4162 13
878 4106 1010 4175 quid
1062 4121 1130 4160 ew
1176 4105 1300 4174 quit
1352 4106 1407 4158 A
1464 4119 1608 4163 corr.
1660 4119 1732 4163 m.
1784 4107 1827 4160 2
2058 4105 2126 4159 14
2178 4093 2417 4161 see-dum
2451 4091 2536 4182 ἐξ
2561 4113 2676 4161 ras,

408 4204 512 4245 sor.
557 4208 595 4244 u
639 4194 697 4246 A
904 4192 969 4246 16
1018 4192 1166 4247 ullus
1218 4192 1311 4244 uix
1361 4190 1416 4243 A
1623 4191 1694 4245 22
1744 4189 1920 4262 magis
1974 4190 2107 4248 add.
2153 4207 2195 4247 9.
2229 4191 2269 4245 1.
2307 4201 2308 4204 ’
2321 4196 2454 4260 pest
2500 4191 2675 4268 igitur

408 4278 988 4347 m.rec.A,om.B
1118 4271 1211 4282 ”
1993 4307 2100 4312 =-
2237 4307 2240 4310 -

512 4380 670 4435 VIII.
2438 4378 2471 4432 6
