3380 4919
1193 310 1269 364 ad
1305 310 1656 364 ecclesiam
1705 308 1795 363 111
1832 313 1862 373 ξ
1898 308 2085 361 3-10.
2642 308 2763 374 271

510 503 673 585 quod
736 501 1001 567 diuitem
1057 498 1314 582 reliquit
1373 499 1676 564 heredem.
1751 499 1859 562 sed
1917 500 2049 562 esto
2107 498 2343 580 ignosci
2401 497 2768 580 parentibus
2835 499 2872 564 7

510 606 726 688 possit,
796 603 852 669 si
897 622 967 668 ex
1012 609 1189 687 parte
1255 604 1472 685 aliqua
1535 602 1947 667 hereditarias
2007 601 2341 667 facultates
2397 601 2547 666 filiis
2595 602 2771 666 dere-

513 709 818 792 linquant,
867 711 922 773 si
965 708 1175 773 tamen
1219 707 1285 771 id
1331 708 1533 788 ipsum
1580 704 1758 771 bonis
1789 705 1841 768 si
1887 709 2101 770 tamen
2137 705 2400 769 sanctis:
2450 708 2581 768 esto
2616 724 2770 786 quo-

512 831 630 895 que
697 810 936 895 ignosci
1001 810 1217 894 possit,
1292 810 1348 873 si
1406 810 1598 874 etiam
1656 808 1842 874 malis
1900 808 2199 889 quiddam
2256 810 2442 889 atque
2505 807 2769 873 uitiosis,

467 915 736 980 shabere
781 915 1057 997 aliquam
1106 911 1521 978 excusationis
1567 910 1837 992 speeiem
1885 911 2171 975 uidentur
2209 909 2524 976 dicentes:
2567 911 2770 993 pietas

511 1019 681 1082 uicit,
712 1018 811 1083 uis
859 1018 1175 1100 sanguinis
1223 1015 1502 1097 conpulit
1547 1019 1773 1080 natura
1817 1014 1954 1096 ipsa
1984 1014 2163 1095 quasi
2194 1014 2424 1079 amoris
2469 1033 2659 1079 manu
2703 1014 2771 1078 in

510 1123 605 1185 ius
650 1140 830 1186 suum
878 1120 1090 1185 traxit.
1159 1120 1458 1185 sciuimus
1507 1118 1654 1200 quid
1690 1118 1936 1182 iustitia
1967 1119 2063 1182 dei
2097 1122 2379 1202 posceret
2410 1119 2558 1199 quid
2593 1135 2772 1182 sacra

510 1225 742 1288 ueritas
775 1223 1140 1305 postularet,
1187 1222 1292 1288 sed
1325 1222 1590 1298 subacti,
1637 1221 1928 1298 fatemur,
1977 1238 2191 1285 sumus
2230 1220 2375 1303 iugo
2409 1221 2769 1285 incarnatae

511 1326 988 1392 necessitudinis
1047 1330 1109 1390 et
1169 1326 1452 1391 dedimus
1513 1324 1792 1407 captiuas
1851 1343 2073 1389 manus
2133 1323 2405 1388 uinculis
2452 1325 2767 1400 caritatis3

444 1457 495 1496 ιο
513 1431 699 1495 cessit
763 1430 1050 1514 sanguini
1119 1430 1271 1494 fides
1329 1431 1392 1492 et
1435 1430 1725 1493 uicerunt
1792 1427 2193 1492 deuotionem
2258 1426 2578 1509 religionis
2638 1430 2772 1491 iura

512 1532 790 1614 pietatiS.
852 1533 976 1596 dici
1008 1532 1242 1614 aliquid
1284 1531 1508 1613 potest,
1558 1533 1812 1595 tametsi
1842 1530 2181 1595 salubriter
2214 1530 2338 1595 dici
2371 1549 2493 1594 non
2524 1531 2766 1612 potest:
2834 1535 2874 1601 8

513 1641 608 1703 est
675 1637 897 1700 umbra
968 1634 1509 1700 excusatiunculae
1585 1652 1707 1697 non
1772 1650 2084 1711 excusanS,
2160 1634 2315 1698 dans
2386 1651 2487 1698 reo
2555 1633 2769 1716 depre-

513 1738 908 1803 catiunculae
952 1740 1220 1821 speciem
1267 1756 1389 1801 non
1434 1740 1645 1801 reatus
1690 1736 2101 1801 securitatem.
2164 1755 2554 1819 nequaquam
2602 1736 2768 1800 enim

512 1843 575 1905 id
620 1842 739 1906 ulli
783 1844 1070 1922 spondeo,
1118 1842 1281 1924 quod
1327 1841 1523 1922 possit
1568 1840 1903 1905 cuiuslibet
1934 1840 2027 1904 rei
2057 1841 2309 1904 firmum
2340 1839 2569 1904 habere
2614 1840 2766 1904 sub-

444 1969 496 2011 15
514 1945 746 2010 sidium
792 1945 897 2027 qui
943 1945 1180 2027 aliquid
1226 1945 1365 2026 plus
1399 1943 1708 2009 amauerit
1740 1963 1927 2025 quam
1959 1944 2165 2019 deum,
2213 1943 2557 2009 secundum
2587 1944 2769 2016 illud,

515 2050 677 2130 quod
724 2049 1025 2130 scriptum
1074 2050 1190 2124 est,
1237 2048 1301 2110 in
1337 2048 1450 2112 hoc
1480 2048 1764 2111 futurum
1797 2066 1926 2111 esse
1958 2047 2284 2125 iudicium,
2334 2046 2496 2128 quod
2526 2049 2774 2112 uenerit

512 2152 621 2215 lux
674 2151 741 2213 in
800 2151 965 2215 hunc
1021 2151 1324 2214 mundum
1381 2155 1443 2214 et
1497 2151 1829 2214 dilexerint
1884 2149 2164 2214 homines
2227 2152 2428 2231 magis
2486 2151 2771 2216 tenebras

515 2272 699 2335 quam
767 2254 987 2317 lucem.
1066 2252 1300 2316 nemini
1370 2253 1531 2316 enim
1601 2254 1859 2317 dubium
1927 2253 2021 2315 est
2089 2253 2296 2316 totum
2355 2255 2416 2317 id
2483 2254 2770 2317 tenebras

514 2357 796 2421 futurum
855 2354 1112 2431 homini,
1181 2355 1476 2437 quidquid
1536 2355 1785 2419 diuinae
1843 2355 2213 2437 praetulerit
2273 2355 2542 2420 caritati.
2620 2356 2772 2421 haec

443 2478 660 2543 mergo
717 2458 807 2523 ita
864 2461 1029 2524 sunt.
1106 2458 1214 2523 sed
1273 2463 1425 2536 esto,
1483 2458 1556 2521 ut
1601 2457 1746 2542 dixi,
1805 2458 2118 2540 indulgeri
2164 2458 2526 2540 parentibus
2571 2461 2770 2542 possit
2836 2465 2876 2530 9

514 2567 773 2629 naturae
821 2562 1225 2628 insalubriter
1271 2561 1767 2643 indulgentibus
1846 2562 1993 2644 quid
2057 2562 2218 2644 quod
2264 2562 2565 2644 nonnulli,
2615 2564 2773 2628 filios

513 2686 635 2731 non
693 2667 1022 2741 habenteS‚
1088 2683 1124 2728 a
1178 2667 1464 2748 respectu
1523 2684 1589 2729 se
1646 2667 1859 2729 tamen
1913 2665 2134 2730 salutis
2191 2682 2336 2729 suae
2392 2666 2458 2729 et
2500 2666 2771 2731 remedio

513 2773 906 2852 peccatorum
973 2769 1225 2851 penitus
1294 2767 1609 2849 auertunt,
1681 2786 1753 2831 ac
1809 2766 1960 2831 licet
2015 2767 2250 2832 semine
2308 2769 2628 2850 sanguinis
2674 2768 2773 2833 sui

515 2875 786 2950 careant,
836 2873 1144 2954 quaerunt
1175 2876 1387 2936 tamen
1421 2890 1839 2953 quoscumque
1873 2871 2046 2954 alioS,
2097 2871 2318 2955 quibus
2350 2873 2773 2937 substantiam

445 2998 497 3040 25
513 2976 799 3058 propriae
847 2976 1169 3041 facultatis
1217 2976 1531 3055 addicant,
1593 2976 1658 3039 id
1706 2976 1818 3055 est,
1869 2976 2093 3058 quibus
2140 2974 2478 3039 umbratile
2522 2974 2772 3056 aliquod

514 3079 998 3162 propinquitatis
1065 3099 1287 3144 nomen
1359 3079 1726 3158 inscribant,
1796 3098 1946 3161 quos
2015 3079 2133 3144 sibi
2204 3079 2383 3161 quasi
2442 3079 2768 3161 adoptiuos

514 3182 876 3263 imaginarii
920 3186 1209 3266 parentes
1254 3182 1420 3247 filios
1466 3180 1725 3258 faciant,
1772 3186 1841 3246 ut
1882 3183 1946 3246 in
1979 3183 2184 3250 locum
2217 3201 2427 3248 eorum
2462 3202 2618 3266 quae
2653 3199 2770 3246 non

515 3289 662 3349 sunt
707 3286 1041 3368 pignorum
1084 3286 1340 3368 perfidia
1387 3291 1723 3370 generante
1767 3286 2117 3351 succedant.
2181 3305 2252 3351 ac
2297 3287 2384 3350 sic
2432 3285 2772 3350 miserrimi
2798 3288 2879 3353 10

515 3390 743 3471 quique
790 3394 852 3453 et
896 3389 1258 3473 inpiissimi‚
1307 3408 1449 3453 cum
1485 3389 1756 3455 uinculis
1785 3389 2063 3456 filiorum
2093 3406 2212 3453 non
2244 3389 2768 3471 constringantur,

443 3512 496 3551 so
515 3491 636 3573 ipsi
703 3494 910 3557 tamen
984 3494 1106 3558 sibi
1173 3492 1426 3558 uincula
1487 3494 1730 3575 parant,
1799 3493 2023 3574 quibus
2087 3491 2362 3557 infelicia
2425 3494 2770 3559 animarum

513 3613 767 3660 suarum
814 3595 975 3661 colla
1006 3598 1468 3679 constringant:
1518 3614 1659 3660 cum
1690 3597 1789 3659 uis
1827 3596 2306 3661 domesticorum
2341 3595 2772 3660 discriminum

719 3760 785 3813 16
829 3759 941 3813 Ioh.
980 3760 1027 3822 3,
1066 3760 1131 3813 19

619 3910 645 3961 1
705 3907 936 3975 reliquid
990 3907 1043 3960 B
1252 3907 1317 3960 10
1369 3906 1499 3961 fides
1554 3922 1621 3959 ex
1672 3905 1795 3960 fidis
1852 3922 1988 3962 corr.
2042 3923 2111 3959 m.
2149 3909 2189 3959 2
2241 3907 2295 3959 A
2330 3912 2383 3961 et
2418 3907 2473 3959 B
2514 3908 2631 3974 (sic)

514 3994 581 4049 15
616 3994 727 4062 qui]
766 3995 814 4046 si
849 3993 929 4046 ed.
967 3992 1241 4047 Baluzius
1428 3994 1491 4047 16
1528 3992 1785 4046 iudicium
1826 4008 1938 4046 esse
1973 3993 2025 4046 B
2213 3993 2275 4046 17
2310 3992 2544 4046 hominis
2579 3993 2635 4046 A

511 4079 580 4132 26
626 4095 729 4146 quo
773 4079 1089 4152 suspicatur
1131 4078 1425 4132 Har-telius
1631 4078 1698 4131 27
1746 4079 1830 4147 ut]
1879 4079 2202 4133 Hartelius:
2256 4083 2313 4132 et
2348 4080 2457 4132 AB
2477 4079 2739 4133 Halmius
2749 4099 2768 4144 ,-

510 4166 627 4232 ipse
671 4167 981 4232 suspicatus
1029 4181 1180 4217 eram
1225 4165 1320 4231 qui
1524 4163 1594 4217 30
1638 4164 1862 4217 infilicia
1907 4170 1958 4218 et
2002 4166 2188 4218 statim
2233 4165 2603 4219 infelicissime
2651 4166 2770 4234 (sic)

513 4256 564 4303 et
597 4251 903 4305 infilicitate
942 4252 991 4303 A
