3380 4919
1050 305 1125 357 de
1161 303 1428 373 gubern.
1467 302 1571 358 dei
1609 301 1716 358 VII
1753 306 1783 368 ἓ
1821 301 2043 357 75-81.
2555 303 2668 369 181

294 488 297 489 f
417 512 499 559 ne
543 495 754 560 oculos
802 491 1081 559 ciuitatis
1113 493 1347 558 scelera
1378 492 1708 576 propalata
1737 491 2106 575 polluerent.
2153 492 2316 574 quod
2350 493 2402 557 si
2430 490 2672 557 factum

419 598 638 681 utique
695 597 938 674 fuisset,
997 596 1282 677 quamuis
1339 595 1534 660 multi·
1584 594 1935 660 extitissent
1989 611 2167 677 opere
2221 593 2359 677 ipso
2418 593 2671 671 sordidi,

416 720 544 768 non
590 718 801 765 omnes
846 700 1058 764 tamen
1103 698 1353 764 fuerant·
1395 698 1535 763 uisu
1581 700 1770 781 atque
1807 696 2016 764 animo
2046 696 2365 776 sordidati,
2413 699 2478 760 et
2513 696 2673 761 solet

417 821 516 870 res
563 802 718 868 satis
764 799 1090 883 flagitiosa,
1138 800 1381 883 quando
1425 801 1635 884 agitur
1674 800 1938 877 occulte,
1982 800 2170 864 fidem
2215 799 2504 865 facinoris
2549 816 2671 865 non

372 905 662 972 smereri.
739 922 928 987 supra
971 920 1218 967 omnem
1266 904 1476 967 autem
1514 902 1895 969 monstruosi
1926 902 2156 985 piaculi
2190 902 2670 967 exsecrationem

418 1011 516 1073 est
561 1006 763 1073 scelus
811 1024 1130 1072 summum
1173 1005 1506 1072 admittere
1550 1010 1614 1072 et
1657 1007 1959 1090 pudorem
1993 1007 2241 1073 sceleris
2270 1024 2395 1072 non
2424 1005 2667 1071 habere.

417 1111 588 1193 quid,
645 1128 815 1194 rogo,
872 1110 1010 1175 fieri
1055 1108 1186 1173 illic
1230 1108 1636 1192 prodigiosius
1681 1110 1932 1194 potuit?
2001 1113 2065 1176 in
2110 1110 2260 1176 urbe
2307 1108 2666 1186 christiana,
2692 1113 2774 1180 79

418 1213 484 1278 in
540 1213 693 1278 urbe
749 1212 1192 1290 ecclesiastica,
1249 1230 1437 1295 quam
1495 1214 1807 1296 quondam
1869 1213 2168 1280 doctrinis
2232 1213 2361 1279 suis
2406 1211 2670 1294 apostoli

416 1316 840 1393 instituerant,
907 1332 1096 1397 quam
1155 1315 1547 1397 passionibus
1592 1317 1720 1382 suis
1763 1319 2071 1401 martyres
2119 1315 2502 1390 coronarant,
2550 1315 2671 1379 uiri

346 1438 400 1478 ιο
416 1419 484 1485 in
528 1417 878 1501 semetipsis
940 1417 1206 1483 feminas
1263 1418 1737 1500 profitebantur,
1799 1421 1864 1484 et
1906 1419 2021 1485 hoc
2065 1420 2196 1486 sine
2240 1420 2370 1484 ullo
2415 1416 2670 1500 pudoris

421 1523 809 1597 umbracu10,
857 1522 993 1586 sine
1038 1520 1169 1585 ullo
1216 1522 1620 1587 uerecundiae
1665 1522 1924 1601 amictu,
1972 1541 2044 1588 ac
2072 1521 2183 1605 sic,
2230 1521 2407 1603 quasi
2450 1537 2669 1601 parum

418 1624 649 1707 piaculi
717 1627 908 1702 esset,
977 1624 1033 1687 si
1098 1625 1264 1690 malo
1327 1623 1438 1689 illo
1507 1626 1819 1690 malorum
1883 1626 2137 1691 tantum
2204 1624 2671 1705 inquinarentur

418 1732 716 1805 auctores,
760 1745 870 1809 per
915 1727 1228 1811 publicam
1270 1727 1522 1794 sceleris
1554 1729 1994 1810 professionem
2026 1728 2213 1795 fiebat
2243 1726 2434 1792 etiam
2466 1728 2666 1792 scelus

416 1831 699 1914 integrae
747 1830 1042 1896 ciuitatis.
1105 1829 1361 1896 uidebat
1403 1830 1630 1914 quippe
1675 1832 1793 1896 hoc
1838 1832 2127 1896 uniuersa
2170 1830 2317 1895 urbs
2364 1833 2427 1896 et
2470 1830 2668 1912 patie-

348 1954 397 1994 ιε
416 1932 621 2015 batur,
685 1931 986 1999 uidebant
1041 1932 1276 1999 iudices
1322 1934 1385 1998 et
1427 1933 1927 2016 adquiescebant,
1982 1933 2248 2017 populus
2304 1932 2559 1999 uidebat
2605 1932 2670 1996 et

415 2036 866 2118 adplaudebat,
929 2054 1002 2103 ac
1046 2036 1138 2102 sic
1186 2037 1408 2103 diffuso
1452 2055 1560 2119 per
1606 2041 1806 2103 totam
1852 2035 2073 2102 urbem
2117 2036 2429 2102 dedecoris
2474 2035 2668 2101 scele-

415 2141 622 2223 risque
668 2141 994 2223 consortio‚
1040 2142 1160 2206 etsi
1190 2141 1306 2206 hoc
1337 2159 1661 2205 commune
1694 2139 1983 2205 omnibus
2013 2157 2136 2204 non
2169 2138 2436 2204 faciebat
2469 2140 2664 2221 actus,

418 2260 742 2309 commune
785 2243 1071 2309 omnibus
1118 2243 1385 2308 faciebat
1428 2243 1745 2309 adsensus.
1811 2245 1917 2308 sed
1975 2242 2117 2307 finis
2163 2243 2490 2324 aliquando
2536 2241 2665 2308 for·
2688 2242 2774 2309 80

416 2347 581 2412 sitan
628 2346 781 2412 mali
827 2347 936 2411 aut
980 2345 1333 2411 emendatio
1378 2346 1587 2428 aliqua
1630 2346 1791 2411 labis
1829 2346 2008 2410 istius
2041 2344 2181 2410 fuit.
2246 2345 2383 2427 quis
2419 2345 2667 2409 credere

347 2450 527 2514 soant
571 2449 762 2515 etiam
807 2449 1020 2514 audire
1063 2450 1279 2531 possit,
1328 2448 1707 2515 conuertisse
1746 2451 1811 2514 in
1844 2447 2214 2515 muliebrem
2262 2448 2666 2515 tolerantiam

414 2553 581 2619 uiros
628 2571 750 2618 non
794 2572 973 2618 usum
1020 2571 1205 2618 suum
1249 2554 1497 2617 tantum
1543 2555 1731 2634 atque
1774 2552 2086 2630 naturam,
2134 2552 2244 2617 sed
2288 2552 2483 2618 etiam
2528 2550 2668 2616 uul-

414 2657 552 2721 tum
597 2656 908 2721 incessum
954 2655 1242 2721 habitum
1289 2659 1351 2721 et
1397 2657 1603 2720 totum
1649 2655 1895 2737 penitus
1941 2655 2231 2738 quicquid
2275 2655 2483 2721 autin
2514 2673 2662 2721 sexu

415 2764 509 2825 est
552 2763 664 2826 aut
704 2760 772 2825 in
816 2760 955 2824 uisu
1002 2758 1169 2834 uiri?
1216 2760 1364 2825 adeo
1411 2776 1593 2825 uersa
1634 2760 1704 2824 in
1751 2758 2073 2824 diuersum
2109 2758 2319 2826 omnia
2350 2759 2546 2835 erant,
2592 2758 2666 2822 ut

415 2880 556 2928 cum
600 2862 753 2927 uiris
798 2862 955 2929 nihil
998 2863 1203 2946 magis
1250 2863 1472 2945 pudori
1516 2881 1649 2928 esse
1680 2864 1980 2945 oporteat,
2030 2880 2215 2946 quam
2262 2863 2318 2928 si
2363 2861 2666 2928 muliebre

348 2966 652 3049 maliquid
697 2968 761 3030 in
808 2985 872 3031 se
934 2967 1157 3038 habere
1226 2965 1574 3050 uideantur,
1642 2966 1782 3032 illic
1847 2966 2008 3032 nihil
2077 2967 2230 3031 uiris
2288 2964 2664 3047 quibusdam
2773 3004 2778 3008 ·

415 3069 658 3151 turpius
705 3068 1042 3154 uideretur,
1089 3087 1276 3152 quam
1321 3069 1375 3133 si
1419 3069 1487 3134 in
1530 3069 1738 3152 aliquo
1783 3068 1904 3136 uiri
1949 3069 2329 3134 uiderentur.

496 3190 771 3255 XVIIII.
841 3188 962 3255 Sed
1019 3207 1353 3272 paucorum
1411 3189 1542 3266 hoc,
1600 3190 1827 3271 inquis,
1887 3189 2154 3254 dedecus
2200 3187 2341 3265 fuit,
2396 3190 2458 3252 et
2502 3187 2664 3268 quod
2684 3188 2764 3254 81

412 3310 535 3358 non
580 3311 618 3356 a
659 3292 940 3375 pluribus
1007 3293 1437 3375 perpetratum
1502 3293 1601 3357 est
1666 3291 1912 3357 cunctis
1972 3308 2192 3356 nocere
2249 3308 2372 3356 non
2431 3289 2660 3372 potuit.

513 3550 548 3603 2
582 3548 746 3604 multi
780 3548 1177 3615 maximnm,
1226 3547 1324 3616 qui
1355 3547 1417 3601 in
1451 3561 1483 3601 υ
1517 3544 1848 3600 antecedens
1884 3544 1932 3597 si
1967 3544 2201 3599 deleuit.-
2248 3543 2411 3597 simul
2446 3542 2557 3595 AB
2595 3542 2663 3607 (si

413 3636 571 3690 multi
610 3640 837 3704 praeter
880 3650 914 3688 v
961 3634 1125 3688 etiam
1175 3633 1226 3687 Τ
1234 3634 1279 3702 t)
1485 3632 1521 3685 4
1563 3631 1697 3685 satis
1742 3646 1841 3685 om.
1889 3631 1942 3684 Β
2150 3630 2185 3684 5
2233 3631 2413 3683 autem
2456 3641 2666 3682 omnem

415 3723 467 3777 Β
658 3721 693 3776 8
726 3719 993 3790 quandam
1025 3734 1191 3790 super
1225 3734 1257 3772 a
1282 3718 1472 3786 proris
1505 3717 1626 3789 syll.
1661 3733 1767 3771 ser.
1806 3731 1837 3770 o
1874 3733 1942 3770 m.
1978 3718 2019 3771 2
2053 3717 2109 3769 A
2317 3714 2384 3769 10
2417 3713 2530 3766 ullo
2564 3727 2664 3767 om.

413 3810 467 3865 B
675 3809 742 3863 14
786 3806 940 3861 urbes
985 3805 1066 3859 A:
1121 3804 1318 3861 ciuitas
1364 3803 1422 3857 Β
1629 3803 1700 3858 16
1742 3802 1839 3872 sic]
1889 3802 1937 3856 si
1985 3802 2040 3856 Β
2245 3800 2429 3855 defuso
2474 3799 2531 3853 A

415 3896 480 3949 17
526 3893 794 3950 faciebant
840 3892 895 3946 Β
1099 3890 1201 3944 hoc
1237 3904 1512 3943 commune
1548 3889 1647 3957 (sic
1682 3889 1907 3956 iterum)
1944 3889 2097 3942 actus
2143 3888 2198 3942 Β
2408 3886 2473 3941 19
2521 3885 2666 3944 labes

412 3981 581 4051 Β(Τ)
756 3979 882 4032 istis
913 3992 1082 4046 super
1114 3976 1134 4029 i
1164 3981 1365 4046 postor.
1400 3990 1501 4030 ser.
1541 3992 1575 4029 u
1610 3991 1679 4030 m.
1705 3978 1745 4029 2
1779 3975 1861 4029 A:
1913 3976 2021 4029 ista
2054 3975 2109 4029 Β
2285 3973 2361 4027 20
2394 3973 2566 4041 possit
2602 3973 2667 4028 in

413 4070 590 4136 posset
623 4067 680 4124 A
706 4070 836 4120 mut.
860 4081 930 4119 m.
955 4067 995 4118 2
1163 4061 1443 4117 mulierem
1466 4061 1520 4115 B
1541 4078 1610 4115 m.
1635 4066 1667 4116 1
1841 4060 1909 4116 22
1943 4059 2198 4130 quicquid
2223 4059 2438 4128 penitus
2473 4058 2528 4112 Β

413 4153 480 4208 23
514 4152 637 4207 uisu
672 4151 753 4205 A:
805 4166 905 4204 usu
937 4150 992 4204 Β
1012 4148 1275 4203 Halmius
1445 4162 1655 4201 uersam
1689 4147 1786 4203 sed
1821 4163 1876 4201 m
1903 4151 2101 4215 pwnct.
2138 4146 2192 4200 A
2372 4143 2441 4199 24
2476 4143 2668 4213 pudori

414 4239 529 4308 (sed
566 4239 588 4291 i
623 4237 772 4304 add„
805 4241 870 4291 ut
904 4235 1038 4302 uid„
1076 4252 1145 4292 m.
1168 4235 1232 4303 2)
1270 4234 1350 4288 A:
1403 4231 1570 4300 pudor
1607 4233 1661 4287 Β
1859 4232 2149 4290 muliebrae
2174 4237 2370 4301 pumat.
2406 4246 2441 4286 a
2474 4231 2529 4286 A
