3380 4919
678 351 766 417 20
1651 345 1960 400 Saluiani

679 542 918 605 deserto
962 538 1202 622 positus
1246 556 1498 622 gregem
1541 538 1778 619 pascit,
1835 536 2063 602 rubum
2107 538 2323 603 ardere
2371 536 2698 621 conspicit,
2746 537 2931 604 deum

680 661 749 708 ex
791 644 943 709 rubo
979 641 1174 719 audit,
1218 641 1545 723 praecepta
1572 639 1821 723 accipit,
1868 641 2181 721 potestate
2210 640 2536 721 exaltatur,
2585 642 2663 706 ad
2690 640 2783 704 Ph
2792 658 2932 706 ara-

678 764 857 810 onem
910 745 1222 829 mittitur,
1280 745 1457 809 uenit
1511 744 1793 826 loquitur
1851 743 2276 809 contemnitur
2318 745 2531 811 uincit.
2608 745 2931 829 Aegyptus

676 848 1040 932 percutitur,
1087 847 1432 913 Pharaonis
1476 845 1934 912 inoboedientia
1986 850 2353 914 uerberatur
2401 852 2465 913 et
2509 847 2763 931 quidem
2808 865 2931 911 non

676 971 798 1016 uno
857 950 1059 1032 modo,
1128 950 1368 1017 scilicet
1424 950 1497 1015 ut
1539 950 1682 1032 plus
1727 950 2065 1034 sacrilegus
2133 951 2498 1035 torqueatur
2566 952 2932 1019 diuersitate
2974 977 3002 1018 ⁵

676 1054 982 1137 supplicii.
1047 1056 1111 1120 et
1154 1053 1305 1136 quid
1348 1055 1712 1136 postremo?
1755 1053 1962 1119 decies
2006 1055 2271 1121 rebellat
2302 1055 2509 1121 decies
2541 1057 2932 1122 uerberatur.

676 1158 824 1241 quid
871 1173 1018 1242 ergo
1062 1156 1384 1222 dicimus?
1421 1154 1595 1241 'puto
1647 1158 1813 1240 quod
1857 1158 1922 1223 in
1967 1158 2070 1223 his
2111 1158 2405 1225 omuibus
2452 1161 2516 1225 et
2561 1178 2775 1225 curare
2819 1176 2931 1242 pa-

674 1262 828 1326 riter
884 1278 984 1326 res
1044 1260 1350 1326 humanas
1409 1264 1599 1327 deum·
1640 1266 1707 1327 et
1764 1261 2039 1327 iudicare
2098 1280 2453 1347 cognoscas.
2530 1264 2596 1328 in
2643 1264 2933 1348 Aegypto

675 1364 904 1446 quippe
963 1367 1115 1430 tunc
1174 1364 1336 1430 enim
1385 1382 1508 1430 non
1554 1365 1817 1449 simplex
1862 1367 2117 1433 tautum
2160 1367 2268 1432 sed
2313 1368 2644 1449 multiplex
2691 1369 2931 1435 constat

675 1468 772 1532 dei
802 1468 996 1533 fuisse
1029 1467 1328 1534 iudicium
1343 1489 1360 1548 3
1397 1468 1955 1551 quotienscumque
1985 1470 2152 1535 enim
2183 1471 2559 1537 rebellantes
2590 1471 2931 1554 Aegyptios
2950 1496 3032 1537 101

572 1577 647 1642 41
674 1571 979 1656 percussit
1033 1573 1265 1637 totiens
1324 1571 1645 1637 iudicauit.
1718 1572 1826 1636 sed
1869 1574 2010 1654 post
2053 1571 2198 1652 ista,
2245 1592 2404 1655 quae
2445 1575 2735 1652 diximus,
2783 1573 2934 1656 quid

674 1680 957 1742 secutum
1018 1678 1161 1740 est?
1228 1676 1467 1741 Israhel
1526 1674 1889 1755 dimittitur,
1948 1676 2179 1758 pascha
2222 1676 2537 1742 celebrato
2579 1677 2928 1760 Aegyptios

674 1780 916 1862 spoliat,
975 1778 1149 1843 diues
1205 1779 1503 1844 abscedit.
1579 1780 1972 1846 Pharaonem
2032 1781 2333 1862 paenitet,
2399 1779 2739 1844 exercitum
2784 1797 2931 1845 con-

674 1884 896 1962 trahit,
945 1886 1022 1949 ad
1066 1883 1379 1968 fugientes
1424 1884 1732 1967 peruenit,
1792 1884 2015 1950 castris
2057 1884 2363 1970 iungitur,
2428 1883 2707 1950 tenebris
2752 1900 2932 1965 sepa-

674 1991 864 2065 ratur,
933 1987 1202 2054 siccatur
1258 1988 1539 2072 pelagus,
1606 1987 1849 2052 Israhel
1916 1988 2222 2072 graditur,
2290 1987 2560 2053 officiosa
2619 1988 2929 2055 undarum
2950 2011 3000 2053 15

674 2091 983 2175 patientia
1026 2091 1348 2157 liberatur.
1424 2091 1666 2157 Pharao
1713 2093 2013 2174 sequitur,
2076 2110 2248 2156 mare
2297 2110 2486 2174 super
2531 2111 2675 2157 eum
2720 2091 2930 2156 reuol-

673 2196 864 2274 uitur,
932 2195 1132 2260 fluctu
1195 2194 1515 2276 operiente
1583 2195 1845 2259 deletur.
1919 2196 2071 2277 puto
2127 2194 2257 2259 iam
2318 2213 2442 2259 non
2487 2194 2819 2260 obscurum
2865 2195 2930 2259 in

672 2301 768 2365 his
815 2315 972 2382 quae
1018 2301 1161 2362 acta
1205 2301 1353 2362 sunt
1383 2297 1482 2362 dei
1515 2315 1648 2363 esse
1692 2296 2018 2376 iudicium,
2068 2301 2131 2362 et
2176 2297 2428 2380 quidem
2475 2315 2597 2363 non
2628 2297 2932 2364 iudicium

673 2405 926 2469 tantum
971 2403 1080 2467 sed
1125 2399 1319 2466 etiam
1366 2400 1862 2468 moderationem
1910 2402 2094 2485 atque
2137 2401 2546 2485 patientiam:
2591 2401 2929 2486 patientiae

674 2507 839 2572 enim
896 2504 1018 2570 fuit
1076 2506 1237 2587 quod
1284 2503 1582 2587 Aegyptii
1630 2504 2008 2570 rebellantes
2054 2522 2233 2588 saepe
2276 2504 2553 2587 percussi
2600 2510 2782 2582 sunt,
2829 2505 3000 2569 iu-zo

569 2609 653 2674 42
672 2610 821 2675 dicii
865 2611 1026 2691 quod
1073 2608 1499 2673 contumaciae
1541 2608 1888 2691 pertinaces
1934 2609 2134 2673 morte
2178 2608 2477 2674 damnati.
2547 2608 2742 2691 igitur
2785 2609 2922 2689 post

676 2714 838 2778 hunc
881 2729 1090 2776 rerum
1135 2714 1453 2793 gestarum
1499 2709 1778 2776 ordinem
1808 2708 2158 2793 ingreditur
2186 2710 2508 2776 heremum
2537 2709 2763 2774 uictrix
2790 2707 2929 2771 sine

675 2816 835 2881 bello
899 2833 1051 2900 gens
1095 2816 1540 2881 Hebraeorum.
1618 2814 1754 2896 agit
1820 2812 1943 2878 iter
1997 2814 2128 2878 sine
2187 2815 2411 2879 itinere
2432 2863 2447 2893 ,
2517 2814 2746 2878 uiatrix
2792 2812 2927 2877 sine

675 2919 799 2996 uia,
845 2920 1099 3001 praeuio
1145 2919 1276 2997 dee,
1324 2916 1539 2984 diuino
1584 2916 1954 2983 commilitio
2000 2916 2399 2994 honorabilis,
2449 2917 2637 2981 ductu
2672 2915 2925 2981 caelesti

674 3023 923 3107 potenS,
991 3040 1252 3104 sequens
1319 3020 1613 3085 mobilem
1674 3020 2062 3099 columnam,
2133 3019 2419 3085 nubilam
2482 3019 2612 3096 die,
2681 3019 2926 3101 igneam
2944 3041 2997 3084 25

674 3130 872 3205 noete,
920 3142 1220 3209 congruas
1267 3125 1542 3190 colorum
1588 3122 1989 3188 diuersitates
2034 3138 2145 3204 pro
2176 3126 2528 3203 temporum
2560 3123 2927 3187 diuersitate

675 3231 1054 3307 sumentem,
1115 3227 1352 3293 scilicet
1398 3228 1470 3291 ut
1514 3229 1576 3292 et
1622 3226 1745 3291 diei
1805 3227 2014 3291 lucem
2056 3224 2227 3288 lutea
2279 3222 2660 3289 obscuritate
2704 3224 2927 3290 distin-

675 3334 891 3416 gueret
936 3333 1002 3397 et
1046 3330 1378 3415 caliginem
1409 3330 1608 3395 noctis
1638 3328 1928 3394 flammeo
1960 3327 2284 3409 splendore
2316 3324 2603 3392 claritate
2634 3328 2923 3395 radiaret.

782 3633 810 3684 1
864 3628 1083 3682 rubeum
1136 3628 1192 3681 A
1397 3627 1432 3680 2
1483 3627 1687 3694 accepit
1739 3626 1795 3679 A
2000 3625 2035 3679 3
2082 3625 2478 3693 contempnitur
2513 3627 2626 3681 AB
2656 3628 2775 3694 fere
2810 3631 2928 3684 ubi-

675 3740 778 3795 que
991 3724 1024 3777 9
1078 3722 1219 3777 enim
1273 3723 1478 3777 deleuit
1528 3722 1965 3778 Rittershusius:
2020 3719 2153 3785 fort.
2208 3726 2377 3787 recte,
2424 3723 2755 3790 praesertim
2807 3740 2928 3780 cum

675 3819 938 3888 facillime
972 3816 1146 3884 repeti
1173 3822 1355 3885 posset
1390 3832 1458 3872 ex
1491 3818 1678 3873 statim
1712 3832 1820 3887 seq.
1870 3815 2123 3886 quotiens
2158 3832 2380 3884 cumque
2418 3817 2585 3888 enim;
2642 3819 2712 3885 cf.
2748 3833 2928 3887 supra

676 3913 748 3969 ad
791 3917 839 3975 §.
875 3914 947 3967 38
1153 3909 1223 3964 10
1271 3910 1739 3980 quotienscumque
1783 3914 1835 3966 et
1879 3909 2076 3964 totiens
2125 3910 2180 3964 A
2230 3912 2365 3979 (non
2401 3912 2837 3985 quotiescumque
2875 3917 2927 3967 et

675 4007 840 4062 toties
873 4012 939 4061 ut
972 4006 1233 4061 Halmius
1265 4005 1456 4073 refert)
1493 4010 1544 4060 et
1578 4004 1631 4058 Β
1821 4004 1888 4058 12
1922 4008 2202 4073 sequutum
2239 4007 2293 4059 A
2482 4010 2688 4065 Israhel
2723 4012 2777 4064 A
2809 4011 2926 4077 fere

675 4102 886 4171 ubique,
925 4103 1069 4157 alias
1103 4101 1202 4155 isrl
1237 4107 1301 4156 ut
1335 4102 1393 4154 Β
1581 4114 1743 4167 pasca
1789 4099 2027 4154 celebrat
2073 4102 2128 4156 Β
2334 4104 2400 4157 16
2446 4104 2689 4158 uoluitur
2734 4105 2790 4158 Β

674 4196 743 4250 20
778 4196 1038 4265 percussit
1073 4195 1260 4251 iudicii
1296 4197 1417 4262 (om.
1456 4196 1604 4258 sunt)
1642 4194 1697 4248 Β
1887 4195 1954 4248 22
1988 4196 2133 4251 hunc
2167 4213 2293 4252 nos:
2347 4197 2488 4251 hanc
2521 4198 2632 4252 AB
2667 4197 2927 4251 Halmius

678 4295 798 4356 (om.
829 4292 968 4358 Ttv)
1144 4289 1212 4343 23
1235 4289 1550 4343 hebreorum
1575 4288 1686 4341 AB
1861 4290 1930 4344 24
1952 4291 2222 4346 οοωηΙίὺίο
2248 4293 2366 4360 (sic)
2392 4293 2446 4345 A
2482 4290 2712 4346 &milicie
2733 4289 2788 4342 Β
