3380 4919
1118 315 1192 369 de
1228 313 1504 384 gubern.
1540 313 1648 368 dei
1683 313 1806 369 1111
1843 318 1873 378 ξ
1908 313 2129 369 80-85,
2674 316 2759 382 95

500 523 566 570 36
609 502 780 569 bona
823 503 1084 584 discere,
1131 504 1297 585 quod
1342 503 1582 569 iactant
1626 522 1693 570 se
1736 503 1989 570 sanctae
2031 503 2193 587 legis
2235 506 2568 587 praecepta
2608 506 2764 569 reti-

499 625 669 674 nere.
731 606 788 672 si
835 605 1005 672 enim
1033 604 1200 673 bona
1228 604 1563 687 discerent,
1604 605 1754 671 boni
1786 606 2011 679 essent.
2071 605 2223 672 talis
2267 607 2545 690 profecto
2592 606 2766 673 secta

498 710 597 776 est
640 710 858 792 quales
890 709 953 775 et
982 711 1352 776 sectatores:
1399 709 1513 774 hoc
1545 710 1696 775 sunt
1726 710 1956 792 absque
2000 708 2208 789 dubio,
2256 709 2420 792 quod
2449 711 2763 775 docentur.

501 816 759 896 apparet
800 812 1009 895 itaque
1040 813 1104 876 et
1144 812 1499 896 prophetae,
1547 830 1702 894 quos
1747 810 2000 894 habent,
2049 812 2482 895 impuritatem
2525 812 2762 893 docere,

455 936 484 977 5
501 918 566 981 et
597 915 930 999 apostolos,
976 934 1128 998 quos
1157 916 1393 999 legunt,
1441 915 1686 981 nefaria
1716 915 2012 996 sanxisse,
2046 917 2113 980 et
2144 916 2491 1000 euangelia,
2538 914 2763 999 quibus

498 1018 893 1099 imbuuntur,
938 1019 1092 1085 haec
1136 1037 1294 1101 quae
1338 1020 1464 1104 ipsi
1494 1018 1741 1085 faciunt
1769 1018 2140 1102 praedicare.
2201 1022 2515 1102 postremo
2544 1012 2867 1086 sanctaS4

501 1140 541 1186 a
583 1120 959 1204 Christianis
1018 1122 1264 1205 fierent,
1324 1121 1382 1187 si
1427 1116 1714 1188 Christus
1770 1124 1985 1189 sancta
2032 1122 2365 1189 docuisset.
2440 1120 2762 1188 aestimari

498 1226 714 1308 itaque
756 1229 835 1292 de
893 1224 1242 1291 cultoribus
1307 1226 1434 1291 suis
1500 1225 1709 1307 potest
1775 1224 1886 1290 ille
1951 1224 2058 1307 qui
2129 1225 2376 1291 colitur.
2456 1226 2762 1308 quomodo

503 1329 672 1396 enim
714 1331 912 1395 bonus
956 1329 1258 1413 magister
1301 1331 1416 1408 est,
1464 1329 1641 1394 cuius
1686 1330 1821 1394 tam
1868 1327 2065 1393 malos
2096 1329 2379 1394 uidemus
2412 1348 2545 1394 esse
2575 1329 2755 1396 disci·

431 1455 484 1495 ιο
500 1432 728 1515 pulos?
794 1452 866 1497 ex
909 1420 1044 1517 ipso
1105 1432 1273 1496 enim
1322 1430 1667 1497 Christiani
1712 1434 1890 1510 sunt,
1953 1430 2160 1514 ipsum
2215 1432 2506 1509 audiunt,
2554 1433 2763 1516 ipsum

499 1535 741 1618 legunt.
815 1539 1180 1617 promptum
1226 1538 1319 1601 est
1363 1537 1646 1601 omnibus
1694 1533 1929 1600 Christi
1983 1533 2348 1620 intellegere
2396 1535 2759 1602 doctrinam.

501 1638 648 1702 uide
680 1636 1020 1703 Christiani
1066 1638 1216 1720 quid
1263 1641 1477 1720 agant,
1524 1640 1587 1702 et
1632 1638 1955 1704 euidenter
1996 1636 2175 1721 potes
2207 1640 2282 1704 de
2314 1636 2565 1703 Christo
2609 1640 2763 1704 scire

505 1741 653 1822 quid
719 1743 958 1807 doceat.
1032 1740 1297 1824 denique
1355 1759 1542 1825 quam
1600 1759 1791 1824 praue
1835 1759 1907 1806 ac
1948 1740 2181 1805 nefarie
2242 1743 2470 1825 pagani
2513 1761 2763 1824 semper
2779 1742 2865 1810 85

505 1843 580 1906 de
624 1843 817 1909 sacris
873 1845 1200 1911 dominicis
1258 1844 1497 1927 opinati
1554 1844 1703 1924 sint,
1762 1845 1980 1909 docent
2024 1848 2490 1926 persecutorum
2534 1845 2762 1910 imma-

432 1970 485 2010 15
504 1946 681 2010 nium
740 1947 1210 2013 cruentissimae
1269 1947 1699 2030 quaestioneS,
1759 1949 1867 2030 qui
1926 1946 1993 2012 in
2038 1948 2359 2013 sacrificiis
2404 1949 2762 2015 christianis

501 2048 663 2114 nihil
730 2050 901 2115 aliud
965 2067 1154 2132 quam
1222 2052 1470 2133 impura
1536 2054 1840 2134 quaedam
1905 2051 2040 2117 fieri
2109 2056 2296 2134 atque
2350 2052 2765 2117 abominanda

506 2152 855 2217 credebant.
931 2153 1265 2236 siquidem,
1297 2153 1490 2219 etiam
1534 2154 1719 2219 initia
1762 2154 1900 2238 ipsa
1943 2158 2196 2221 nostrae
2241 2155 2563 2233 religionis
2608 2174 2762 2221 non-

501 2256 625 2321 nisi
670 2275 707 2320 a
757 2256 998 2322 duobus
1029 2259 1316 2323 maximis
1361 2256 1743 2324 facinoribus
1775 2256 1924 2322 oriri
1956 2259 2441 2337 arbitrabantur,
2488 2258 2764 2340 primum

504 2359 746 2425 scilicet
791 2359 1143 2439 homicidio,
1192 2359 1435 2437 deinde,
1485 2348 1648 2440 quod
1682 2359 2015 2425 homicidio
2048 2362 2142 2425 est
2172 2362 2447 2444 grauius,
2493 2361 2761 2440 incestu,

434 2487 488 2526 20
504 2481 617 2528 nec
658 2464 996 2531 homicidio
1040 2465 1242 2530 solum
1287 2468 1351 2529 et
1393 2466 1655 2543 incestu,
1710 2466 1819 2530 sed
1865 2468 2026 2548 quod
2071 2466 2423 2532 sceleratius
2468 2466 2763 2548 quiddam

506 2571 603 2632 est
644 2570 886 2634 incestu
929 2568 1065 2651 ipso
1097 2570 1162 2633 et
1206 2568 1564 2648 homicidio,
1610 2568 1855 2633 incestu
1901 2569 2178 2633 matrum
2224 2571 2764 2635 sacrosanctarum

506 2671 571 2734 et
612 2670 948 2736 homicidio
993 2672 1415 2737 innocentium
1442 2673 1871 2754 paruulorum,
1918 2688 2070 2754 quos
2115 2689 2240 2737 non
2269 2672 2468 2739 occidi
2511 2676 2762 2739 tantum

507 2793 545 2839 a
573 2772 964 2854 ChristianiS,
1008 2775 1132 2853 sed,
1178 2775 1343 2857 quod
1387 2775 1592 2857 magis
1637 2775 2127 2841 abominandum
2172 2779 2287 2853 est,
2335 2777 2528 2842 etiam
2558 2779 2765 2843 uorari

507 2876 984 2944 existimabant:
1046 2879 1113 2944 et
1153 2878 1305 2945 haec
1350 2879 1562 2944 omnia
1607 2879 1685 2943 ad
1728 2880 2102 2962 placandum
2146 2879 2351 2963 deum,
2411 2880 2588 2965 quasi
2632 2881 2763 2947 ullo

435 3002 488 3044 25
506 2980 778 3047 facinore
822 2981 1024 3067 magis
1069 2985 1277 3064 posset
1321 2981 1570 3061 offendi,
1621 2983 1700 3047 ad
1742 2983 2137 3066 purgandum
2178 2971 2524 3066 piaculum,
2586 2983 2764 3067 quasi

508 3083 712 3149 ullum
757 3084 928 3151 aliud
972 3087 1174 3150 maius
1207 3075 1407 3164 esset,
1438 3086 1516 3150 ad
1549 3088 2099 3151 commendandum
2145 3087 2537 3167 sacrificium,
2585 3087 2765 3170 quasi

613 3306 641 3359 1
679 3305 899 3376 discere]
937 3305 1106 3360 dicere
1142 3306 1198 3360 Β
1405 3305 1440 3358 2
1475 3304 1605 3359 talis
1641 3320 1712 3360 ex
1744 3306 1882 3360 tales
1917 3306 1973 3361 A
2008 3322 2147 3362 corr.
2171 3322 2242 3363 m.
2267 3309 2309 3362 2
2502 3308 2537 3362 3
2572 3308 2766 3362 docent

506 3390 604 3445 sed
635 3407 750 3447 ras-
787 3407 966 3460 swpra
1000 3394 1028 3445 t
1064 3392 1148 3447 lit.
1182 3392 1238 3445 A
1443 3392 1478 3445 5
1524 3392 1790 3446 sancxisse
1835 3393 1891 3445 A
2098 3393 2130 3447 7
2175 3393 2451 3448 aestimari
2486 3409 2557 3448 ex
2593 3410 2677 3447 -re
2709 3394 2765 3447 A

507 3492 647 3534 corr.
681 3495 753 3533 m.
789 3480 831 3533 2
875 3479 1005 3533 item
1038 3478 1227 3533 statim
1261 3477 1357 3533 ille
1392 3493 1460 3532 ex
1493 3477 1625 3547 illis,
1679 3478 1851 3532 malos
1887 3494 1957 3533 ex
1991 3478 2181 3545 malus,
2236 3479 2480 3533 uidemus
2515 3495 2587 3534 ex
2619 3478 2763 3533 uidi-

506 3580 627 3617 mus
835 3564 897 3618 11
945 3564 1155 3634 legunt]
1205 3564 1436 3619 audiunt
1481 3565 1585 3633 (sic
1617 3564 1841 3630 iterum)
1886 3565 1942 3619 Β
2150 3565 2217 3619 12
2263 3553 2576 3619 christianis
2608 3566 2706 3621 sed
2740 3582 2766 3619 s

500 3649 669 3716 finali
708 3656 906 3719 pwnct.
959 3650 1017 3704 A
1071 3648 1394 3706 christianos
1447 3651 1503 3705 Β
1701 3653 1904 3722 potest
1948 3651 2045 3706 sed
2078 3651 2106 3704 t
2137 3650 2299 3718 finali
2334 3657 2531 3721 pwnct.
2574 3653 2632 3707 A

510 3735 575 3788 13
621 3736 755 3804 quid
788 3736 976 3790 doceat
1011 3752 1080 3790 ex
1116 3735 1260 3804 quod
1296 3735 1351 3795 d.
1386 3737 1443 3790 A
1477 3752 1617 3792 corr.
1654 3753 1731 3797 m.
1763 3738 1805 3791 2
2010 3737 2237 3808 denique
2272 3753 2334 3794 ac
2368 3753 2530 3808 quam
2574 3738 2633 3793 Β

506 3820 576 3874 14
624 3824 1062 3894 persequutorum
1114 3822 1170 3876 Β
1380 3822 1447 3877 16
1499 3822 1897 3878 abhominanda
1949 3824 2044 3877 sed
2088 3824 2127 3877 11
2162 3824 2269 3883 dez.
2319 3825 2377 3879 A
2426 3826 2555 3881 item
2590 3826 2769 3895 paulo

497 3912 629 3978 post
836 3907 901 3962 17
939 3910 1104 3963 etiam
1139 3924 1239 3982 om.
1276 3908 1332 3962 Β
1539 3909 1606 3963 18
1642 3909 1774 3963 oriri
1809 3924 1877 3964 ea:
1913 3910 2053 3964 orire
2086 3911 2143 3965 A
2178 3926 2321 3967 corr.
2354 3928 2427 3968 m.
2449 3914 2491 3967 2
2684 3927 2769 3966 ar-

506 3992 782 4049 bitrantur
816 3994 872 4048 Β
1018 4021 1021 4024 -
1063 3995 1126 4049 19
1161 3999 1246 4050 est
1281 4011 1380 4050 om.
1420 3996 1476 4050 Β
1506 4010 1576 4051 m.
1601 4001 1635 4050 1
1823 3996 1894 4051 20
1928 4012 2025 4051 nec
2060 3997 2631 4069 homicidio—incestu
2665 4014 2771 4058 om.

508 4078 564 4132 Β
595 4096 666 4134 m.
690 4085 724 4134 1
910 4081 1127 4151 quidem
1162 4097 1233 4136 σω
1267 4080 1486 4149 quidam
1522 4083 1578 4144 A
1614 4097 1757 4139 corr.
1794 4098 1867 4140 m.
1890 4085 1931 4138 2
1969 4083 2247 4152 (quiddam
2281 4083 2340 4138 Β
2374 4089 2428 4141 et
2451 4085 2524 4140 in
2547 4102 2593 4141 >v
2627 4099 2775 4145 corr.

506 4165 902 4237 Brassicanue)
1087 4168 1156 4222 25
1189 4170 1367 4238 posset
1401 4168 1697 4224 Halmius·-
1747 4170 1921 4239 possit
1953 4170 2065 4238 AB
2102 4173 2173 4236 (et
2195 4171 2334 4240 rell.)
2554 4172 2624 4227 26
2658 4188 2773 4226 mav-

507 4251 681 4321 gisB
