3380 4919
1136 329 1213 383 ad
1249 331 1605 384 ecclesiam
1654 330 1683 385 1
1721 335 1751 396 5
1790 332 2007 385 11-18.
2579 333 2705 400 229

443 517 686 582 nonnisi
755 521 1019 584 mortuis
1084 518 1174 583 eis
1239 520 1590 600 possident,
1662 521 2023 586 uiuentibus
2090 526 2300 586 autem
2372 522 2577 586 adhuc
2645 525 2706 587 et

443 620 799 686 ualentibus
865 640 1100 688 mores:
1173 640 1243 686 ac
1299 624 1386 686 sic
1431 622 1797 704 priusquam
1854 624 1920 688 in
1966 624 2240 689 dominio
2305 641 2414 687 suo
2483 624 2707 690 habere

443 723 747 806 incipiant
791 744 887 790 res
930 730 1237 809 paternas,
1295 727 1524 792 habent
1569 726 1637 790 in
1683 728 1909 792 animis
1952 728 2117 810 ipsos
2163 730 2385 808 patrea,
2450 728 2512 792 et
2559 731 2705 792 ante

444 846 631 909 quam
700 828 974 896 habeant
1040 830 1170 909 illa,
1241 848 1399 912 quae
1460 830 1617 896 falso
1681 831 1974 897 dicuntur
2032 831 2212 908 bona,
2281 830 2516 896 habent
2572 828 2703 907 illa,

397 947 600 1013 equae
646 950 788 996 uere
831 933 1178 1014 probantur
1222 934 1410 1000 mala.

531 1052 686 1115 IIII.
747 1052 912 1132 Quid
956 1056 1151 1136 ergo?
1210 1071 1353 1118 cum
1400 1053 1551 1118 haec
1595 1054 1687 1117 ita
1731 1054 1875 1131 sint,
1924 1053 2292 1118 interdicere
2337 1054 2548 1119 forsan
2592 1071 2704 1135 pa·
2728 1053 2808 1118 15

446 1154 725 1218 rentibus
783 1155 1051 1220 filiorum
1110 1157 1327 1220 uideor
1382 1157 1725 1221 affectum?
1792 1156 2069 1222 minime.
2140 1156 2289 1238 quid
2348 1156 2516 1221 enim
2572 1157 2706 1221 tam

445 1256 644 1322 ferum
713 1262 844 1323 tam
908 1260 1319 1324 inhumanum
1389 1260 1518 1324 tam
1592 1260 1713 1343 legi
1781 1260 2132 1338 aemulum,
2209 1277 2392 1341 quam
2459 1261 2514 1324 si
2579 1276 2706 1324 non

446 1361 738 1426 amandos
824 1362 1102 1428 dicamus
1186 1362 1347 1426 filios
1432 1364 1538 1444 qui
1622 1363 1920 1427 amandos
2015 1362 2286 1426 fatemur
2372 1363 2708 1428 inimicos?

375 1484 427 1525 10
446 1468 555 1527 aut
616 1464 670 1529 si
730 1465 1053 1543 affectum,
1122 1484 1301 1548 quem
1383 1473 1606 1531 natura
1683 1469 1997 1547 praestat,
2077 1464 2517 1547 prohibeamus
2599 1464 2706 1547 qui

445 1567 636 1632 etiam
692 1588 856 1647 eum,
915 1588 1098 1650 quem
1155 1571 1376 1633 natura
1433 1568 1740 1650 prohibet,
1800 1568 2237 1651 inpendimus?
2297 1571 2407 1633 aut
2452 1567 2505 1631 si
2550 1567 2705 1632 cari·

445 1671 643 1735 tatem
718 1673 915 1736 menti
994 1675 1465 1753 extorqueamus
1540 1691 1729 1754 quam
1803 1673 2018 1748 habet,
2096 1672 2202 1754 qui
2272 1672 2466 1736 etiam
2527 1669 2709 1735 illam

446 1774 503 1837 ei
549 1792 845 1839 conamur
891 1778 1174 1852 inserere,
1221 1794 1408 1857 quam
1455 1793 1576 1840 non
1618 1775 1850 1840 habet?
1895 1777 2141 1840 nonita
2174 1778 2303 1839 est:
2350 1793 2469 1839 non
2504 1774 2707 1839 solum
2727 1775 2810 1842 16

445 1878 611 1940 enim
680 1881 971 1944 amandos
1043 1879 1309 1944 dicimus
1380 1879 1541 1944 filios
1598 1880 1710 1954 sed
1765 1881 2094 1962 praecipue
2142 1897 2214 1943 ac
2270 1897 2449 1960 super
2495 1878 2705 1943 omnia

378 1999 428 2039 ιο
444 1983 740 2047 amandos
805 2000 914 2046 nec
983 1984 1313 2064 quicquam
1358 1982 1457 2046 his
1503 1984 1753 2047 omnino
1812 1982 2312 2064 anteponendum
2357 1980 2478 2046 nisi
2523 1980 2707 2045 deum

444 2084 666 2148 solum.
738 2103 884 2148 nam
930 2090 992 2149 et
1036 2085 1153 2151 hoc
1216 2088 1309 2150 est
1368 2085 1703 2167 praecipue
1772 2104 1996 2162 amare,
2067 2085 2252 2149 illum
2316 2084 2466 2148 filiis
2526 2086 2705 2148 ante-

442 2205 690 2268 ponere,
740 2205 925 2268 quem
973 2206 1095 2251 non
1139 2188 1422 2269 expediat
1467 2189 1717 2252 omnino
1775 2191 2155 2270 postponere.
2224 2186 2373 2268 quid
2419 2191 2512 2251 eet
2557 2203 2703 2268 ergo

446 2290 560 2353 aut
605 2308 723 2371 quo
768 2293 948 2356 modo
994 2290 1294 2354 amandos
1341 2290 1610 2354 dicimus
1656 2290 1864 2355 filios?
1910 2308 2029 2371 quo
2075 2290 2310 2371 absque
2354 2288 2539 2353 dubio
2584 2289 2703 2352 nisi

445 2408 567 2474 quo
612 2395 760 2457 deus
805 2392 937 2475 ipse
985 2392 1363 2457 constituit?
1409 2410 1605 2474 neque
1654 2392 1823 2456 enim
1856 2394 1951 2457 est
1980 2392 2150 2457 ullus
2182 2392 2403 2457 melior
2432 2389 2705 2455 filiorum

377 2513 639 2574 zoamon
701 2515 887 2578 quam
950 2515 1132 2578 quem
1194 2497 1300 2561 ille
1362 2497 1591 2575 docuit,
1654 2497 1760 2579 qui
1823 2498 1988 2580 ipsos
2033 2496 2197 2561 filios
2244 2496 2433 2561 dedit.
2506 2513 2705 2577 neque

446 2601 709 2682 possunt
751 2601 1012 2684 pignora
1054 2601 1279 2665 melius
1324 2601 1522 2664 amari
1569 2619 1756 2683 quam
1803 2603 1855 2665 si
1898 2601 1967 2664 in
2012 2617 2081 2664 eo
2127 2600 2282 2681 ipso,
2332 2616 2369 2662 a
2404 2616 2523 2680 quo
2554 2597 2707 2661 data

447 2705 615 2780 sunt,
663 2707 971 2769 amentur.
1042 2722 1163 2785 quo
1207 2704 1387 2768 modo
1432 2704 1631 2787 igitur
1677 2707 1824 2768 deus
1870 2704 2067 2768 amari
2098 2702 2261 2767 filios
2299 2702 2484 2766 iussit
2506 2702 2539 2765 ?
2585 2718 2706 2765 non
2732 2705 2805 2769 17

448 2806 586 2870 dico
633 2826 777 2890 ego:
827 2808 994 2872 dicat
1040 2827 1240 2872 sermo
1286 2810 1418 2889 ipse
1449 2807 1720 2884 diuinus,
1769 2807 1876 2888 qui
1907 2809 1985 2872 ad
2030 2811 2243 2890 patres
2274 2822 2486 2868 omnes
2517 2822 2705 2888 gene-

448 2906 666 2970 raliter
732 2907 821 2970 ita
878 2907 1187 2989 loquitur:
1256 2909 1329 2972 ut
1387 2908 1634 2972 tradant
1696 2908 1995 2972 mandata
2050 2908 2150 2972 dei
2205 2906 2354 2972 filiis
2409 2907 2560 2984 suis,
2620 2907 2709 2971 ut

374 3012 746 3090 asponant
821 3011 897 3074 in
972 3011 1109 3076 deo
1176 3029 1387 3095 spem
1455 3029 1669 3075 suam
1737 3013 1811 3075 et
1876 3029 2025 3077 non
2099 3010 2709 3076 obliuiscantur

449 3129 764 3193 operum
835 3115 959 3180 dei
1026 3114 1154 3180 sui
1212 3119 1289 3179 et
1355 3115 1726 3179 mandata
1793 3117 1961 3179 eius
2026 3116 2477 3196 exquirant.
2553 3112 2710 3178 alibi

450 3232 726 3297 quoque:
790 3220 869 3282 et
914 3235 1082 3301 noe,
1141 3219 1375 3301 inquit,
1421 3221 1727 3302 patres,
1774 3218 2030 3283 nolite
2076 3218 2165 3282 ad
2210 3216 2709 3283 iracundiam

447 3338 880 3403 prouocare
940 3320 1173 3387 filios
1229 3326 1573 3400 nostroe,
1632 3323 1770 3386 sed
1838 3321 2163 3386 educate
2218 3322 2415 3385 illos
2472 3319 2552 3382 in
2596 3317 2707 3382 di-

444 3422 794 3505 sciplina
825 3425 899 3489 et
929 3425 1441 3508 correptione
1484 3424 1803 3490 domini.
1865 3424 2094 3489 uidetis
2141 3441 2291 3505 quas
2321 3424 2530 3505 parari
2561 3439 2703 3503 opes
2732 3427 2810 3493 18

376 3542 491 3591 soa
532 3526 890 3609 parentibus
934 3526 1081 3592 filiis
1127 3530 1278 3593 deus
1322 3527 1555 3606 iubeat,
1615 3546 1738 3591 non
1795 3528 2179 3608 pecuniarios
2226 3526 2546 3590 thesauros
2591 3542 2705 3589 nec

444 3646 671 3711 graues
728 3630 984 3694 metallo
1042 3650 1226 3695 aureo
1284 3648 1516 3708 saccos,
1574 3630 1872 3697 habentes
1930 3630 2181 3712 quidem
2230 3629 2506 3693 multum
2551 3646 2705 3710 pon-

653 3832 723 3885 24
758 3832 899 3885 Psal.
936 3833 1020 3897 77,
1059 3833 1089 3885 7
1295 3832 1361 3885 27
1400 3831 1587 3901 EpheS.
1627 3834 1677 3896 6,
1715 3833 1751 3887 4

517 4003 551 4055 2
588 4003 804 4057 domino
840 4020 908 4057 m.
932 4008 965 4057 1
1000 4005 1054 4058 Β
1259 4005 1295 4059 4
1328 4003 1586 4074 habeant]
1622 4005 1676 4059 A
1730 4004 1933 4059 habent
1967 4005 2063 4059 sed
2097 4021 2130 4058 a
2163 4019 2234 4060 m.
2257 4008 2290 4057 1
2324 4018 2367 4057 a.
2405 4020 2434 4058 e
2467 4019 2571 4059 scr.

451 4088 594 4142 bona
617 4091 743 4142 ante
766 4088 969 4143 habent
1002 4090 1114 4144 AB
1138 4089 1233 4145 sed
1247 4096 1443 4159 punct.
1481 4092 1608 4145 ante
1642 4091 1699 4146 Β
1892 4090 1926 4144 6
1960 4090 2162 4144 foream
2198 4090 2253 4143 B
2280 4095 2333 4145 et
2358 4107 2429 4145 m.
2452 4095 2485 4145 1
2519 4091 2575 4145 A

451 4175 516 4228 11
553 4174 886 4229 incendimus
926 4175 982 4230 J.
1019 4176 1216 4245 Meyer
1431 4177 1498 4232 27
1535 4177 1727 4246 inquid
1763 4177 1818 4229 B
2032 4176 2102 4244 28
2137 4176 2360 4231 educate
2394 4192 2461 4231 ex
2497 4176 2712 4231 edocate

452 4276 521 4313 m.
558 4265 591 4315 1
625 4261 735 4315 AB
772 4267 860 4326 (ut
883 4262 1062 4330 paulo
1095 4267 1234 4331 post)
