3380 4919
640 276 764 341 142
1609 272 1918 327 Saluiani

639 465 929 531 ludibriis
975 466 1144 529 uitae
1175 466 1443 529 nostrae.
1493 481 1641 528 nam
1670 465 1822 528 dum
1851 462 1920 526 in
1950 460 2213 527 theatris
2257 461 2322 526 et
2368 461 2550 527 circis
2596 461 2890 537 ludimus,

638 567 988 651 deperimus
1035 568 1372 632 secundum
1408 566 1571 631 illud
1606 566 1820 648 utique
1852 565 2094 630 dictum
2124 566 2429 630 sermonis
2458 569 2650 633 sacri:
2695 568 2893 632 stul-

637 674 765 736 tus
811 689 939 753 per
984 671 1225 736 risum
1272 669 1644 752 operatur
1687 668 1971 734 scelus.
2019 671 2084 733 et
2111 687 2222 735 nos
2266 669 2498 753 itaque,
2547 671 2697 735 dum
2728 671 2896 736 inter

635 774 844 857 turpia
886 792 955 839 ac
1002 774 1369 840 dedecorosa
1411 774 1709 851 ridemus,
1755 772 1988 838 scelera
2022 772 2498 853 committimus,
2546 772 2891 857 etquidem

540 890 545 897 ’
634 877 868 942 scelera
897 896 1018 943 non
1048 876 1329 953 minima,
1362 878 1469 942 sed
1501 876 1617 941 hoc
1644 879 1778 959 ipso
1808 877 2177 958 poenaliora,
2211 876 2356 960 quia
2386 895 2530 943 cum
2563 878 2892 942 uideantur
2935 898 2957 936 s

529 977 617 1042 59
633 981 831 1063 specie
862 998 997 1045 esse
1026 998 1234 1063 parua,
1280 980 1462 1046 rebus
1494 981 1644 1046 sunt
1673 979 1948 1045 exitiosis
1992 980 2525 1061 pestilentissima.
2570 998 2720 1045 nam
2750 999 2892 1047 cum

636 1083 755 1148 duo
787 1085 915 1148 sint
944 1083 1218 1149 maxima
1248 1087 1432 1162 mala,
1465 1085 1529 1149 id
1562 1088 1677 1161 est,
1711 1085 1763 1149 si
1795 1084 1977 1147 homo
2010 1087 2121 1148 aut
2150 1102 2214 1148 se
2244 1083 2456 1165 ipsum'
2476 1082 2749 1166 perimat
2781 1087 2891 1150 aut

636 1185 820 1250 deum
848 1178 1096 1265 laedat,
1146 1188 1263 1252 hoc
1307 1190 1640 1269 utrumque
1685 1186 1756 1251 in
1800 1186 1969 1250 ludis
2013 1186 2278 1268 publicis
2315 1185 2555 1270 agitur:
2602 1206 2750 1252 nam
2779 1207 2890 1269 per

636 1289 1057 1370 turpitudines
1115 1290 1477 1355 criminosas
1532 1291 1784 1355 aeterna
1841 1289 1975 1354 illic
2029 1289 2199 1354 salus
2258 1287 2648 1355 Christianae
2691 1291 2889 1373 plebis

635 1392 1024 1476 extinguitur
1081 1395 1145 1457 et
1203 1412 1318 1475 per
1376 1393 1712 1475 sacrilegas
1781 1390 2253 1473 superstitiones
2317 1394 2613 1459 maiestas
2674 1394 2891 1459 diuina
2907 1416 2957 1454 ιο

532 1491 925 1560 60uiolatur.
1004 1495 1261 1560 dubium
1319 1495 1490 1559 enim
1545 1513 1668 1560 non
1730 1495 1823 1559 est
1880 1497 2038 1576 quod
2099 1495 2354 1560 laedunt
2411 1497 2614 1575 deum,
2671 1499 2889 1578 utpote

632 1598 816 1662 idolis
877 1602 1289 1663 consecratae.
1367 1597 1594 1663 colitur
1657 1614 1925 1679 namque
1983 1598 2049 1661 et
2104 1597 2443 1664 honoratur
2498 1600 2780 1665 Minerua
2822 1601 2890 1664 in

633 1700 974 1784 gymnasiis
1022 1703 1233 1766 Venus
1277 1702 1345 1765 in
1393 1701 1662 1767 theatris
1717 1702 2051 1783 Neptunus
2105 1701 2171 1765 in
2228 1702 2405 1767 circis
2449 1703 2618 1769 Mars
2663 1705 2730 1768 in
2774 1704 2884 1769 ha-

631 1805 794 1868 renis
838 1805 1186 1870 Mercurius
1231 1805 1299 1869 in
1343 1805 1696 1888 palaestris,
1756 1809 1819 1870 et
1864 1806 2002 1870 ideo
2047 1823 2159 1887 pro
2207 1805 2516 1888 qualitate
2561 1809 2884 1872 auctorum

634 1906 840 1971 cultus
898 1912 992 1972 est
1049 1908 1585 1990 superstitionum.
1661 1909 1960 1991 quicquid
2026 1910 2548 1975 inmunditiamm
2616 1913 2714 1975 est
2770 1911 2952 1974 hocu·

634 2011 949 2074 exercetur
992 2011 1056 2074 in
1102 2012 1382 2089 theatriS,
1431 2012 1729 2094 quicquid
1775 2012 2161 2079 luxuriarum
2209 2014 2276 2079 in
2310 2012 2659 2095 palaestriS,
2707 2012 2882 2094 quic-

632 2113 778 2194 quid
848 2113 1381 2179 immoderationis
1448 2116 1514 2178 in
1580 2115 1762 2181 circis
1785 2166 1801 2194 ,
1869 2115 2164 2198 quicquid
2234 2115 2461 2182 furoris
2524 2115 2591 2180 in
2656 2115 2881 2180 caucis.

528 2213 608 2278 61
634 2216 783 2282 alibi
842 2218 936 2282 est
990 2218 1386 2299 impudicitia
1442 2218 1596 2284 alibi
1653 2220 1929 2298 lasciuia,
1998 2219 2153 2286 alibi
2208 2218 2690 2301 intemperantia
2732 2217 2884 2284 alibi

547 2356 553 2367 ·
632 2319 891 2395 insania,
961 2321 1190 2402 ubique
1253 2325 1536 2401 daemon,
1603 2323 1797 2387 immo
1853 2343 1962 2406 per
2016 2323 2267 2407 singula
2325 2322 2706 2388 ludicrorum
2731 2322 2884 2387 loca

630 2421 924 2490 uniuersa
991 2425 1363 2491 daemonum
1431 2428 1740 2513 monstra3
1815 2428 2170 2512 praesident
2237 2426 2404 2495 enim
2463 2426 2712 2492 sedibus
2772 2443 2953 2491 suoao

631 2526 828 2592 cultui
873 2527 1195 2594 dedicatis.
1255 2549 1324 2595 ac
1369 2549 1478 2613 per
1508 2531 1623 2595 hoc
1666 2529 1731 2596 in
1779 2531 2152 2613 spectaculis
2199 2529 2557 2596 istiusmodi
2595 2531 2716 2594 non
2749 2528 2882 2594 sola

630 2630 725 2694 est
767 2630 1078 2696 inlecebra
1122 2652 1234 2697 nec
1265 2635 1399 2698 sola
1444 2634 1780 2699 uitiositas
1842 2635 2174 2699 admisceri
2218 2634 2388 2699 enim
2433 2633 2581 2697 huic
2609 2630 2881 2698 Christi-

629 2749 818 2797 anum
865 2733 1177 2799 hominem
1224 2737 1646 2818 superstitioni
1692 2756 1889 2819 genus
1945 2740 2042 2802 est
2084 2737 2417 2820 sacrilegii,
2480 2735 2625 2817 quia
2670 2737 2882 2800 eo'rum

524 2834 610 2900 62
632 2835 903 2900 cultibus
949 2820 1391 2916 communicat,
1450 2857 1714 2920 quorum
1771 2835 2229 2904 festiuitatibus
2276 2840 2641 2904 delectatur.
2719 2837 2881 2919 quod

628 2938 882 3020 quidem
939 2939 1088 3004 licet
1146 2958 1386 3023 semper
1443 2944 1779 3007 admodum
1823 2960 2014 3026 graue
2059 2943 2163 3024 sit,
2227 2946 2380 3007 tunc
2423 2943 2633 3006 tamen
2677 2943 2880 3025 magis
2901 2963 2952 3006 π

627 3040 1041 3122 intolerabile,
1111 3062 1253 3108 cum
1321 3047 1561 3126 praeter
1633 3045 2244 3110 consuetudinarium
2299 3045 2469 3111 uitae
2525 3062 2710 3109 usum
2770 3043 2884 3108 hoc

626 3143 731 3208 uel
785 3144 1047 3209 aduersa
1103 3150 1315 3212 nostra
1369 3146 1605 3212 faciunt
1664 3148 2060 3215 criminosius
2120 3150 2220 3213 uel
2282 3148 2571 3223 secunda,
2631 3148 2777 3228 quia
2819 3150 2884 3212 et

831 3350 864 3402 2
900 3349 1054 3403 Pron.
1096 3350 1176 3416 10,
1214 3350 1281 3403 23

730 3521 757 3574 1
813 3520 1076 3591 ludimus]
1126 3520 1345 3575 ludibus
1390 3536 1559 3590 super
1595 3521 1628 3574 b
1663 3537 1767 3576 scr.
1804 3539 1873 3576 m.
1911 3525 1951 3576 2
1984 3539 2038 3575 m
2074 3523 2129 3575 A
2332 3523 2367 3576 5
2418 3522 2487 3576 ad
2540 3521 2635 3576 hoc
2688 3522 2744 3575 B

625 3606 658 3659 6
693 3607 878 3675 parua]
916 3606 1082 3674 proba
1119 3606 1279 3674 (edd.
1316 3606 1645 3661 recentiores
1679 3608 1819 3662 miro
1855 3607 2056 3662 errore’
2090 3606 2377 3670 Halmius)
2425 3606 2651 3662 debetur
2682 3610 2880 3663 iterum

623 3691 963 3746 Brassicano
997 3693 1094 3760 qui
1127 3693 1204 3746 sic
1241 3693 1481 3747 mutauit
1515 3692 1630 3747 cod.
1666 3710 1701 3748 v
1734 3692 1924 3762 script.
1962 3708 2130 3762 parua
2339 3693 2403 3746 10
2438 3693 2609 3747 diuini
2646 3710 2688 3748 s.
2728 3695 2749 3747 i
2783 3696 2878 3762 fin.

623 3789 726 3831 sor.
763 3792 795 3828 a
828 3793 898 3831 m.
937 3779 977 3830 2
1021 3777 1076 3829 A
1283 3777 1344 3831 11
1393 3793 1502 3831 non
1553 3782 1635 3832 est
1681 3779 1825 3833 enim
1870 3779 1925 3833 A
1967 3779 2060 3833 sed
2108 3778 2326 3834 adiecta
2351 3786 2493 3834 sunt
2525 3797 2593 3833 m.
2629 3785 2662 3834 1
2697 3787 2881 3836 trans·

615 3861 910 3931 positionis
960 3862 1122 3930 siyna
1345 3864 1411 3917 12
1465 3867 1769 3918 consecrate
1823 3864 1877 3917 A
1930 3864 2074 3929 ‘fort
2129 3866 2429 3919 consecrati’
2484 3867 2745 3921 Halmius

627 3946 693 4000 13
728 3946 855 4001 deus
890 3946 1174 4014 Neptunus
1209 3951 1262 4002 A
1470 3949 1680 4004 harenis
1716 3966 1783 4004 ex
1818 3950 2046 4005 hatenus
2083 3952 2138 4005 A
2174 3965 2310 4006 corr.
2344 3969 2412 4007 m.
2447 3957 2481 4006 1
2689 3954 2758 4007 14
2789 3969 2882 4007 au·

625 4035 831 4086 ctorum
866 4040 1056 4101 punct.
1095 4051 1129 4088 u
1162 4036 1369 4103 prioris
1399 4037 1514 4106 syll.
1541 4052 1610 4090 m.
1636 4038 1677 4090 2
1712 4036 1767 4089 A
1975 4037 2036 4090 17
2076 4037 2530 4092 immoderationis
2565 4054 2636 4092 ex
2672 4055 2791 4093 ·nes
2827 4040 2882 4092 A

623 4131 763 4174 corr.
801 4135 869 4173 m.
892 4122 932 4173 2
982 4118 1440 4175 immoderacionis
1463 4125 1546 4176 est
1577 4122 1632 4175 B
1809 4120 1875 4174 18
1897 4122 2234 4191 impudititia
2260 4124 2311 4176 A
2485 4124 2554 4177 25
2576 4124 2882 4178 ammodum

624 4204 679 4256 A
884 4207 1152 4274 grauescit
1187 4205 1282 4260 sed
1317 4221 1345 4258 c
1375 4213 1565 4274 Μαι.
1602 4207 1657 4260 Α
