3380 4919
691 284 813 359 116
1156 296 1159 301 ⁴
1659 286 1976 342 Saluiani

691 479 977 547 exactio?
1021 481 1231 563 itaque
1277 479 1563 544 nonnulli
1609 474 1843 554 eorum,
1894 478 1969 542 de
2014 474 2239 559 quibus
2283 475 2618 558 loquimur,
2679 477 2787 559 qui
2831 478 2941 542 aut

690 580 1096 649 consultiores
1151 583 1299 648 sunt
1364 582 1474 647 aut
1542 599 1694 664 quos
1761 580 2071 646 consultos
2137 579 2474 644 necessitas
2544 578 2727 662 fecit,
2797 598 2938 646 cum

687 685 1006 753 domicilia
1070 685 1256 766 atque
1323 683 1560 767 agellos
1619 699 1760 748 suos
1805 686 1917 748 aut
1980 682 2449 764 peruasionibus
2514 684 2783 766 perdunt
2828 683 2941 748 aut

686 787 889 874 fugati
935 788 1012 854 ab
1046 786 1437 853 exactoribus
1471 785 1779 869 deserunt,
1826 786 1972 868 quia
1999 788 2209 850 tenere
2239 803 2361 850 non
2387 788 2666 868 possunt,
2714 784 2937 851 fundos

582 893 669 957 44
687 892 994 955 maiorum
1061 892 1359 971 expetunt
1404 892 1467 954 et
1526 887 1730 954 coloni
1789 887 2063 952 diuitum
2123 885 2307 950 fiunt.
2387 905 2459 952 ac
2518 888 2686 953 sicut
2731 888 2939 953 solent
2983 908 3013 950 ι

689 997 797 1058 aut
841 993 928 1074 hi,
977 992 1084 1075 qui
1126 992 1398 1057 hostium
1442 995 1679 1059 terrore
1725 991 2030 1074 compulsi
2067 992 2145 1056 ad
2192 991 2451 1055 castella
2480 1010 2546 1057 se
2591 990 2933 1072 conferunt,

689 1097 798 1161 aut
841 1094 929 1179 hi,
998 1094 1105 1177 qui
1160 1094 1407 1178 perdito
1466 1092 1771 1178 ingenuae
1832 1092 2310 1159 incolumitatis
2347 1097 2518 1159 statu
2563 1095 2643 1160 ad
2688 1093 2935 1178 asylum

685 1199 937 1282 aliquod
981 1194 1414 1281 desperatione
1458 1197 1845 1280 confugiunt,
1892 1196 1984 1261 ita
2018 1197 2079 1261 et
2111 1196 2240 1276 isti,
2288 1197 2433 1279 quia
2462 1198 2628 1262 tueri
2661 1195 2934 1280 amplius

685 1301 789 1366 uel
835 1296 1065 1366 sedem*
1089 1298 1191 1365 uel
1237 1300 1612 1384 dignitatem
1671 1318 1923 1365 suorum
1969 1298 2278 1365 natalium
2322 1318 2445 1366 non
2489 1303 2743 1382 queunt,
2779 1301 2935 1385 ‘iugo

686 1422 752 1469 se
795 1404 1137 1487 inquilinae
1168 1402 1537 1469 abiectionis
1570 1402 1886 1481 addicunt,
1918 1404 1982 1467 in
2011 1403 2171 1467 hanc
2201 1401 2638 1469 necessitatem
2666 1402 2930 1486 redacti,
2955 1426 3014 1467 ιο

686 1508 756 1573 ut
800 1510 1071 1573 extorres
1115 1525 1233 1572 non
1279 1507 1600 1571 facultatis
1645 1507 1919 1587 tantum,
1966 1507 2075 1571 sed
2121 1507 2313 1572 etiam
2358 1505 2738 1572 condicionis
2785 1522 2934 1571 suae

686 1614 871 1692 atque
939 1610 1255 1675 exulantes
1322 1628 1443 1676 non
1487 1628 1524 1674 a
1587 1610 1770 1674 rebus
1835 1610 2084 1674 tantum
2149 1608 2299 1689 suis,
2366 1610 2479 1674 sed
2545 1608 2740 1674 etiam
2785 1626 2823 1673 a
2865 1625 2933 1672 se

684 1712 836 1795 ipsis
897 1729 970 1776 ac
1029 1711 1354 1795 perdentes
1420 1729 1634 1776 secum
1701 1713 1909 1777 omnia
1976 1729 2089 1778 sua
2156 1712 2219 1778 et
2274 1730 2487 1778 rerum
2553 1713 2935 1795 proprietate

688 1818 941 1881 careant
986 1819 1050 1880 et
1093 1817 1189 1881 ius
1234 1816 1555 1882 libertatis
1602 1818 1923 1881 amittant.

580 1934 666 2000 45
772 1934 987 2000 V1111,
1035 1933 1116 2000 Et
1160 1936 1432 2018 quidem,
1483 1935 1628 2020 quia
1672 1935 1763 2000 ita
1807 1934 2027 2000 infelix
2070 1937 2408 2001 necessitas
2448 1934 2634 2017 cogit,
2681 1933 2935 2000 ferenda
2955 1952 3014 1996 ιι

685 2040 1020 2121 utcumque
1063 2043 1197 2104 erat
1245 2042 1520 2103 extrema
1561 2038 1721 2104 haec
1765 2056 1896 2103 sors
1942 2056 2171 2114 eorum,
2219 2037 2273 2102 si
2318 2054 2440 2102 non
2485 2040 2664 2103 esset·
2695 2036 2936 2120 aliquid

686 2141 1040 2207 extremius,
1107 2141 1267 2207 illud
1315 2142 1570 2224 grauius
1618 2144 1679 2205 et
1725 2140 2023 2216 acerbiuS,
2072 2141 2232 2223 quod
2281 2138 2532 2206 additur
2576 2140 2723 2204 huic
2770 2142 2934 2205 malo

685 2245 930 2310 saeuius
962 2244 1221 2311 malum.
1281 2262 1428 2309 nam
1461 2242 1890 2327 suscipiuntur
1922 2244 1993 2307 ut
2024 2243 2323 2319 aduenae,
2368 2243 2529 2308 fiunt
2556 2243 2935 2325 praeiudicio

682 2348 1092 2413 habitationis
1150 2345 1510 2431 indigenae,
1582 2350 1643 2412 et
1702 2346 1981 2429 exemplo
2041 2347 2352 2428 quondam
2395 2345 2569 2411 illius
2615 2346 2935 2410 maleficae

681 2449 1121 2535 praepotentiS‚
1168 2468 1325 2533 quae
1371 2448 1713 2515 transferre
1760 2449 2044 2515 homines
2075 2450 2141 2512 in
2171 2447 2407 2515 bestias
2454 2448 2795 2530 dicebatur,
2841 2449 3010 2515 itane

684 2554 746 2638 et
790 2554 898 2618 isti
957 2572 1191 2631 omnes,
1260 2554 1365 2635 qui
1422 2554 1588 2618 intra
1652 2552 1877 2618 fundos
1945 2551 2218 2617 diuitum
2273 2551 2691 2635 recipiuntur,
2760 2553 2936 2634 quasi

682 2652 919 2721 Circaei
963 2656 1168 2737 poculi
1214 2655 1760 2739 transfiguratione
1805 2658 2151 2723 mutantur.
2209 2675 2353 2721 nam
2401 2674 2554 2739 quos
2587 2656 2936 2738 suscipiunt

682 2759 754 2823 ut
800 2760 1121 2822 extraneos
1167 2760 1230 2821 et
1275 2758 1507 2824 alienos
1553 2759 1864 2842 incipiunt
1907 2761 2134 2826 habere
2177 2761 2355 2843 quasi
2399 2759 2705 2842 proprios:
2777 2777 2929 2842 quos

577 2862 662 2929 46
683 2878 815 2925 esse
884 2860 1124 2924 constat
1188 2859 1491 2943 ingenuos
1559 2862 1893 2927 uertuntur
1951 2864 2014 2926 in
2073 2881 2300 2928 seruos
2378 2865 2442 2928 et
2487 2865 2808 2942 miramur,
2877 2861 2936 2927 si·

783 3080 816 3134 2
871 3086 1036 3150 quoru
1089 3081 1362 3135 consultus
1417 3081 1472 3134 A
1677 3081 1714 3135 4
1765 3079 1959 3135 fundos
2019 3097 2085 3136 ex
2135 3080 2333 3135 fundus
2369 3081 2423 3134 A
2458 3096 2600 3136 corr.
2652 3096 2718 3136 m.
2759 3081 2799 3136 2

680 3177 712 3231 5
750 3177 834 3246 ac]
872 3179 969 3231 aut
1003 3177 1058 3230 B
1265 3176 1298 3230 6
1337 3174 1418 3228 hii
1455 3175 1509 3230 B
1545 3177 1670 3231 item
1707 3177 1864 3245 infra
2070 3177 2164 3246 qui
2198 3178 2253 3231 A
2286 3192 2330 3233 8.
2363 3177 2398 3232 l.
2432 3193 2507 3234 m.
2538 3178 2579 3232 2
2787 3176 2818 3230 7
2855 3174 2937 3228 in-

680 3286 887 3341 genuae
922 3285 989 3326 ex
1022 3269 1251 3339 ingenuo
1287 3277 1343 3324 A
1378 3285 1519 3326 corr.
1553 3275 1697 3327 m..2
1867 3275 1870 3278 ’
1902 3272 2271 3327 incolomitate
2304 3286 2471 3341 super
2506 3287 2535 3325 o
2561 3272 2766 3327 'tertiae
2808 3269 2942 3341 sylb

677 3373 778 3413 scr.
814 3374 851 3411 u
885 3373 955 3413 m.
983 3360 1020 3411 2
1053 3357 1107 3410 A
1154 3373 1157 3376 ·
1311 3357 1346 3410 8
1381 3357 1749 3426 desperatione
1782 3374 1852 3413 ex
1886 3357 2082 3427 despit.
2116 3361 2172 3411 A
2207 3374 2350 3413 corr.
2384 3374 2454 3412 m.
2478 3358 2519 3412 2
2714 3357 2805 3412 Ita
2837 3354 2938 3411 sed

677 3443 734 3498 It
767 3460 843 3503 m.
868 3446 908 3498 2
942 3444 1007 3498 in
1040 3458 1151 3497 ras.
1188 3443 1243 3496 A
1448 3443 1585 3497 istae
1619 3459 1661 3498 s.
1695 3460 1760 3497 ae
1794 3459 1897 3499 scr.
1936 3444 1956 3498 i
1989 3460 2060 3501 m,
2094 3447 2133 3499 2
2168 3445 2222 3497 A
2427 3442 2555 3513 quia
2603 3442 2745 3497 tueri
2790 3442 2937 3496 Hal·

675 3532 846 3584 mius:
899 3529 993 3597 qui
1028 3528 1243 3583 harueri
1276 3527 1372 3583 sed
1404 3543 1445 3582 8.
1481 3543 1587 3584 scr.
1618 3544 1687 3583 m.
1725 3544 1830 3584 rec.
1865 3531 1948 3584 ita
1983 3533 2045 3584 ut
2076 3528 2311 3584 uixdwm
2335 3529 2442 3600 leyi
2451 3529 2631 3599 possit
2664 3528 2839 3598 ss'equi
2873 3528 2930 3582 A

676 3615 770 3683 qui
794 3612 991 3668 habere
1012 3612 1067 3665 B
1251 3613 1318 3667 10
1342 3613 1400 3666 in
1422 3612 1525 3667 hac
1548 3613 1864 3668 necessitate
1883 3617 1966 3680 A;
2013 3613 2115 3679 cfr.
2141 3614 2273 3670 adn.
2299 3615 2418 3669 erit.
2444 3613 2520 3668 ad
2544 3620 2579 3679 9
2602 3616 2676 3668 18
2697 3612 2794 3680 fim.

674 3697 879 3753 redacti
915 3701 1044 3752 sunt
1078 3699 1140 3751 ut
1173 3697 1230 3751 B
1439 3698 1503 3751 11
1537 3696 1816 3752 facultatis
1840 3705 1895 3753 et
1918 3699 2104 3755 stat-im
2138 3699 2459 3754 conditionis
2486 3713 2552 3753 ea:
2590 3700 2699 3753 -tes
2723 3702 2774 3753 et
2808 3709 2932 3752 ·nes

673 3784 729 3837 A
764 3798 903 3838 corr.
938 3798 1008 3837 m.
1032 3784 1073 3836 2
1253 3783 1321 3838 13
1357 3782 1923 3853 perdentesmrerum
1959 3787 2015 3837 A
2205 3785 2269 3839 15
2306 3786 2524 3853 quidam
2548 3799 2589 3839 8.
2615 3799 2647 3838 a
2669 3799 2771 3839 scr.
2796 3800 2864 3837 m.
2891 3785 2940 3837 2¹

674 3884 702 3922 e
737 3870 793 3921 A
988 3868 1163 3937 quiita
1199 3885 1241 3923 s.
1277 3869 1320 3922 ii
1355 3873 1458 3925 'scri
1494 3886 1564 3926 m.
1588 3872 1629 3924 2
1684 3886 1717 3923 a
1750 3870 1805 3922 A
1999 3871 2189 3926 infelix
2207 3894 2265 3925 n
2288 3871 2504 3925 ferenda
2526 3897 2555 3925 a
2589 3872 2706 3925 erat
2738 3870 2794 3924 A

677 3955 741 4008 17
775 3955 913 4008 illud
937 3980 991 4008 κ
1014 3955 1252 4009 acerbius
1287 3958 1341 4010 A
1561 3955 1743 4010 aditur
1776 3954 1904 4010 add.
1939 3956 1990 4010 d'
2009 3957 2105 4013 alt,
2140 3973 2208 4011 m.
2234 3961 2272 4013 2
2305 3957 2362 4010 A
2579 3957 2643 4012 19
2678 3956 2937 4026 indigene

670 4055 739 4095 ex
775 4038 1017 4108 indigine
1047 4041 1103 4094 A
1138 4056 1279 4097 corr.
1314 4055 1383 4095 m.
1399 4042 1440 4096 2
1643 4040 1964 4108 foraaillius
1998 4033 2270 4112 qnondam
2304 4048 2367 4097 ut
2411 4042 2497 4097 V1
2525 4044 2628 4097 23:
2682 4040 2923 4109 exemplo

671 4123 885 4177 illorum
922 4124 1191 4193 quondam
1226 4124 1513 4194 gigantum
1551 4129 1601 4179 et
1633 4123 1839 4180 V112=
1878 4126 1961 4180 illi
1996 4127 2266 4195 quondam
2290 4128 2492 4196 pagani
2663 4128 2728 4182 21
2768 4125 2924 4195 quasi

669 4209 919 4265 oaenaculi
941 4209 997 4264 A
1012 4209 1232 4265 'adiecto
1251 4211 1315 4265 in
1338 4226 1505 4281 mary.
1531 4219 1602 4268 m.
1624 4211 1901 4266 recentiss.
1937 4212 2092 4267 circei
2264 4212 2333 4267 23
2369 4213 2520 4282 quos]
2560 4213 2702 4281 quod
2738 4213 2793 4266 B
