3380 4919
653 353 738 418 38
1629 346 1937 400 Saluiani

654 539 982 618 domini,
1030 537 1264 603 filius
1310 539 1444 619 qui
1491 538 1696 599 exte
1739 538 1977 598 natus
2025 535 2147 597 est
2190 534 2596 598 morietur.
2661 534 2909 615 praeter

652 661 916 726 poenam
978 644 1234 707 acerbae
1298 638 1586 704 orbitatis
1633 639 1825 702 etiam
1871 637 2037 701 hunc
2081 635 2228 700 addi
2272 635 2554 719 piissimo
2599 638 2764 718 patri
2807 636 2907 699 in-

651 746 974 810 tellectum
1003 744 1231 810 summi
1264 742 1552 826 supplicii
1583 743 1733 806 deus
1763 741 1983 816 uoluit,
2034 743 2104 803 ut
2138 739 2536 804 dilectissimo
2568 739 2694 804 filio
2727 759 2909 805 causa

649 849 867 913 mortis
932 849 1108 932 pater
1164 848 1294 928 ipse
1364 844 1652 910 existeret
1712 842 1818 924 qui
1885 841 2152 920 doleret,
2222 861 2363 907 cum
2429 842 2644 923 utique
2690 845 2907 907 natum

650 970 721 1016 ex
767 951 1023 1015 crimine
1068 969 1327 1032 puerum
1377 950 1612 1013 crimen
1659 949 1865 1030 ipsum
1913 947 2244 1025 occideret,
2292 947 2454 1028 quod
2502 951 2789 1012 creasset.
2950 973 2976 1014 ⁶

544 1093 625 1157 21
738 1087 815 1152 V.
866 1086 1001 1151 Hoc
1046 1105 1191 1167 ergo
1237 1087 1514 1169 primum
1560 1088 1653 1150 est
1686 1084 1939 1149 diuinae
1970 1083 2525 1149 anjmaduersionis
2571 1083 2906 1161 exordium,

647 1191 919 1274 primum
977 1189 1193 1270 utique
1250 1207 1374 1252 non
1433 1189 1653 1252 solum.
1746 1189 1956 1252 secuta
2012 1205 2281 1269 namque
2329 1189 2425 1251 est
2470 1206 2909 1252 aerumnarum

646 1293 998 1374 ingentium
1065 1292 1250 1375 longa
1318 1293 1506 1356 series
1569 1291 1757 1373 atque
1817 1309 1853 1355 a
1912 1290 2094 1355 domo
2154 1291 2286 1355 eius
2343 1290 2511 1375 iugis
2574 1292 2907 1356 admodum

646 1397 953 1460 malorum
1012 1395 1389 1459 continuatio
1443 1412 1568 1458 non
1634 1393 1908 1457 recessit.
2001 1393 2272 1458 Thamar
2328 1393 2633 1459 Amnonis
2701 1394 2907 1458 furore

647 1498 1096 1580 corrumpitur,
1155 1499 1405 1563 Amnon
1462 1497 1539 1562 ab
1602 1496 1913 1561 Absalone
1970 1496 2312 1579 iugulatur.
2392 1498 2594 1562 scelus
2655 1498 2977 1579 quidemn>

645 1600 882 1685 grande
941 1600 1019 1664 ab
1068 1619 1190 1664 uno
1246 1600 1444 1665 fratre
1505 1600 1955 1676 committitur,
2012 1602 2117 1664 sed
2174 1600 2350 1681 peius
2407 1600 2484 1663 ab
2531 1600 2654 1664 alio
2699 1599 2905 1665 uindi-

647 1706 842 1770 catur.
916 1706 1077 1768 inter
1144 1704 1295 1768 haec
1359 1703 1565 1768 Dauid
1638 1705 1817 1785 pater
1890 1703 2167 1768 facinore
2237 1702 2563 1784 utriusque
2628 1703 2900 1784 punitur.

645 1806 764 1870 duo
796 1806 911 1871 filii
940 1808 1213 1890 peccant,
1263 1808 1370 1872 sed
1401 1808 1528 1871 tres
1560 1807 1824 1871 duorum
1855 1807 2083 1871 scelere
2113 1807 2489 1890 perduntur;
2536 1807 2601 1869 in
2633 1805 2904 1871 Thamar

645 1909 809 1972 enim
855 1908 1186 1993 uirginitas
1232 1909 1567 1983 amittitur,
1615 1909 1682 1972 in
1714 1910 2000 1974 Amnone
2034 1909 2224 1973 etiam
2255 1906 2592 1972 Absalonis
2638 1908 2903 1991 perditio

645 2012 914 2095 lugetur.
992 2015 1054 2077 et
1101 2012 1352 2096 quidem
1399 2013 1636 2076 nescias
1699 2030 1884 2093 quem
1930 2011 2002 2074 de
2047 2011 2195 2075 filiis
2244 2010 2479 2075 duobus
2523 2012 2657 2076 tam
2701 2009 2902 2075 bonus
2922 2037 2971 2080 15

645 2114 822 2198 pater
866 2115 1121 2199 grauius
1171 2115 1491 2194 amiserit,
1538 2114 1723 2178 illum
1769 2115 1875 2197 qui
1921 2133 2108 2178 manu
2154 2112 2368 2178 fratris
2415 2112 2652 2179 occisus
2698 2112 2793 2178 est
2837 2112 2903 2177 in

539 2221 625 2288 22
643 2218 774 2295 hoc-
805 2220 1072 2294 saeculo,
1122 2237 1201 2283 an
1245 2219 1428 2283 illum
1474 2218 1581 2299 qui
1628 2237 1741 2282 sua
1785 2216 1972 2299 periit
2018 2218 2084 2281 in
2128 2218 2362 2281 futuro.
2408 2218 2536 2281 iam
2567 2236 2714 2282 uero
2759 2216 2905 2280 hinc

643 2320 820 2386 iuxta
866 2321 1131 2386 uerbum
1179 2322 1276 2387 dei
1322 2320 1802 2386 inaestimabilis
1847 2319 1999 2384 mali
2055 2321 2361 2386 cumulus,
2420 2321 2675 2385 insidias
2716 2322 2822 2384 diu
2868 2339 2903 2385 a

641 2423 771 2489 filio
816 2427 994 2507 pater
1039 2425 1308 2508 patitur,
1350 2443 1558 2509 regno
1603 2424 1863 2509 pellitur
1908 2427 2000 2499 et,
2064 2443 2139 2490 ne
2194 2425 2544 2503 occidatur,
2606 2424 2902 2508 profugus

642 2528 939 2594 abscedit.
1008 2529 1310 2610 impurior
1355 2528 1594 2594 nescias
1641 2548 1720 2593 an
1766 2530 2081 2593 cruentior
2127 2527 2315 2607 filius,
2362 2529 2511 2609 quia
2556 2527 2899 2592 interficere
2917 2556 2968 2596 20

640 2632 886 2712 patrem
932 2649 1052 2694 non
1097 2635 1301 2711 potest
1347 2630 1702 2712 parricidio,
1750 2632 1961 2696 foedat
2004 2631 2248 2695 incestu
2282 2634 2343 2694 et
2377 2631 2625 2711 quidem
2656 2630 2899 2693 incestu

639 2734 888 2814 praeter
933 2732 1157 2796 incesti
1191 2732 1366 2797 nefas
1398 2751 1506 2813 per
1542 2734 1917 2798 industriam
1950 2733 2388 2798 adcumulandi
2420 2733 2669 2797 sceleris
2717 2733 2896 2808 elato,

641 2854 784 2900 cum
835 2835 1049 2916 utique
1094 2834 1356 2908 facinus,
1404 2837 1569 2917 quod
1612 2835 1804 2900 etiam
1851 2839 2092 2901 secreta
2139 2835 2556 2901 abominabile
2604 2834 2896 2917 facerent,

641 2941 1003 3019 persecutor
1046 2936 1321 3019 parentis
1366 2939 1615 3021 publice
1660 2939 2067 3021 perpetrarit,
2124 2938 2364 3002 scilicet
2409 2940 2480 3000 ut
2524 2936 2897 3001 feralissimo

643 3039 902 3104 crimine
961 3058 1082 3106 non
1142 3044 1319 3123 pater
1363 3044 1615 3105 tantum
1673 3045 1889 3108 absens
1953 3042 2435 3118 deformaretur,
2492 3059 2680 3123 quam
2737 3039 2898 3105 oculi
2914 3069 2965 3111 25

532 3147 621 3212 23
642 3144 835 3234 etiam
880 3143 1071 3207 totius
1119 3145 1284 3209 orbis
1329 3143 1582 3225 publico
1615 3144 2013 3209 foedarentur
2040 3144 2300 3209 incestu.
2349 3143 2476 3208 iam
2521 3146 2575 3208 si
2621 3144 2899 3209 addenda

640 3250 737 3310 est
768 3246 833 3311 et
862 3247 1053 3328 ipsius
1086 3246 1269 3330 fugae
1301 3248 1511 3325 facieS‚
1560 3249 1743 3331 quale
1772 3247 1934 3312 illud
1965 3247 2106 3326 fuit,
2155 3267 2297 3312 cum
2338 3249 2552 3311 tantus
2597 3267 2702 3310 rex
2732 3247 2897 3312 tanti

637 3347 928 3428 nominiS,
976 3350 1218 3414 cunctis
1247 3351 1500 3433 regibus
1557 3352 1743 3416 altior
1789 3355 2019 3416 mundo
2050 3350 2266 3429 maior,
2315 3368 2525 3414 omnes
2558 3351 2896 3416 admodum

638 3470 780 3518 suos
814 3470 955 3517 cum
987 3453 1378 3537 paucissimis
1411 3454 1605 3517 seruis
1637 3454 1899 3538 fugeret,
1941 3454 2009 3517 in
2042 3454 2499 3534 comparatione
2528 3454 2766 3519 dudum
2797 3454 2894 3519 sui

844 3613 909 3667 10
956 3614 1015 3667 II
1052 3615 1179 3683 Reg.
1228 3616 1290 3669 13

739 3756 769 3810 7
822 3760 904 3810 est
950 3773 1050 3810 oon.
1100 3759 1155 3811 Β
1382 3761 1416 3814 8
1460 3776 1493 3813 a
1542 3760 1695 3813 domo
1733 3760 1834 3813 »sis
1885 3760 2173 3814 admodum
2218 3762 2274 3814 A
2500 3762 2565 3816 10
2616 3762 2895 3817 Ammlone

631 3841 689 3895 A
899 3842 957 3895 11
999 3842 1147 3897 abu*
1181 3859 1212 3896 v
1248 3844 1378 3900 add.
1414 3846 1481 3899 in
1514 3862 1614 3916 my.
1664 3860 1767 3899 uno
1813 3853 1851 3899 α’
1895 3846 2258 3911 Brassicano,
2305 3853 2371 3901 ut
2414 3846 2667 3902 uidetur:
2724 3847 2894 3903 abono

631 3926 744 3984 AB
929 3928 1022 3982 sed
1045 3928 1194 3997 peius
1220 3932 1400 3985 tamen
1425 3931 1482 3985 Β
1513 3934 1715 4000 (tamen
1742 3947 1841 3985 om.
1867 3933 1923 3986 A
1945 3933 2093 4000 quod
2117 3949 2232 3987 non
2256 3933 2443 3988 adnot.
2470 3934 2753 4002 Halmius)

634 4012 701 4067 12
755 4013 908 4079 pater
962 4013 1139 4069 Dauid
1196 4016 1251 4070 Β
1461 4016 1527 4070 14
1579 4017 1898 4071 admittitur
1942 4017 1997 4071 Β
2043 4035 2112 4071 m.
2149 4023 2180 4071 1
2385 4019 2655 4074 Amnones
2702 4020 2758 4072 A

634 4098 697 4151 17
720 4097 865 4167 hinc]
891 4099 1018 4154 huic
1041 4101 1096 4154 Β
1270 4102 1337 4155 19
1363 4102 1605 4171 profugis
1629 4102 1686 4156 Β
1870 4103 1940 4157 24
1962 4107 2296 4172 perpetraret
2319 4105 2374 4159 Β
2396 4105 2527 4172 fort.
2556 4105 2756 4159 rectius

632 4184 700 4238 26
748 4182 914 4253 orbis]
963 4186 1112 4240 urbis
1149 4190 1238 4255 (sc.
1274 4188 1801 4259 Hierosolymorum)
1840 4189 2237 4244 Rittershusius
2442 4190 2509 4244 29
2550 4188 2715 4243 seruis
2740 4187 2892 4243 Har·

626 4269 816 4324 teliu-3:
871 4271 982 4323 suis
1018 4272 1130 4325 AB
1165 4272 1428 4327 Halmius

186 4683 191 4696 Γ
262 4689 273 4694 ι,

166 4697 265 4802 Π
