3380 4919
1142 311 1218 364 ad
1255 312 1612 365 ecclesiam
1658 312 1750 366 ΙΙΙ
1792 316 1823 376 ξ
1857 311 2081 366 45-51.
2615 313 2742 381 285

485 503 833 585 refugerat,
892 501 1000 585 qui
1055 501 1477 567 membrorum
1535 519 1789 566 suorum
1845 501 2158 567 ulceribus
2217 519 2398 568 canes
2455 506 2741 585 pauerat,

485 623 668 686 quem
736 606 1046 670 scatentes
1112 603 1427 671 uermium
1478 604 1650 687 globi
1718 603 1909 669 etiam
1977 605 2146 671 intra
2203 622 2479 670 recessus
2541 606 2743 689 peresi

486 709 756 790 corporis
820 708 1164 773 exararant.
1242 727 1276 773 o
1342 707 1555 790 grauis
1625 707 1893 772 nimium
1958 711 2023 772 et
2089 708 2358 790 lugenda
2423 708 2737 775 condicio!
2759 707 2843 774 49

483 829 719 893 pauper
766 810 1223 877 beatitudinem
1268 810 1423 876 emit
1467 810 1878 876 mendicitate
1908 812 2085 876 diues
2117 812 2494 894 supplicium
2538 813 2741 878 facul-

440 915 647 981 state:
710 931 964 995 pauper,
1014 931 1158 979 cum
1201 915 1449 997 penitus
1497 914 1589 979 nil
1633 915 1906 992 haberet,
1952 916 2109 980 emit
2152 916 2437 981 aeternas
2481 916 2739 982 diuitias

485 1018 783 1099 egestate.
861 1034 896 1081 o
942 1021 1175 1099 quanto
1226 1017 1339 1082 has
1385 1016 1630 1082 facilius
1674 1018 1811 1083 tam
1856 1018 2058 1082 multa
2101 1036 2312 1083 rerum
2356 1019 2742 1099 possessione

484 1120 656 1184 diues
698 1122 988 1203 potuerat
1033 1139 1384 1203 conparare,
1432 1121 1539 1202 qui
1584 1122 1749 1186 inter
1792 1124 2105 1187 tormenta
2135 1125 2428 1186 aestuans
2465 1125 2528 1185 et
2572 1122 2738 1186 inter

482 1223 786 1304 supplicia
826 1222 1249 1305 proclamans:
1308 1227 1560 1307 pater,
1607 1224 1834 1306 inquit,
1880 1223 2313 1302 Abraham,
2362 1223 2741 1290 miserere

482 1326 632 1390 mei
693 1328 770 1390 et
829 1325 1063 1391 mitte
1126 1326 1619 1404 Eleazarum,
1685 1328 1775 1391 ut
1830 1326 2251 1407 intinguat
2310 1331 2741 1392 extremum

415 1428 725 1513 rodigiti
793 1428 916 1493 sui
970 1431 1049 1494 in
1107 1447 1338 1511 aqua,
1406 1434 1492 1495 ut
1537 1429 1976 1512 refrigeret
2042 1429 2401 1509 linguam
2460 1448 2738 1509 meam,

484 1534 663 1614 quia
709 1533 1023 1598 crucior
1065 1532 1144 1596 in
1190 1533 1329 1598 hac
1373 1533 1713 1598 flamma.
1792 1551 1912 1598 non
1970 1533 2257 1598 horrebat
2302 1537 2454 1599 tunc
2500 1533 2742 1599 scilicet

484 1634 659 1701 diues
704 1636 809 1700 ille
855 1635 1137 1701 Eleazari
1182 1638 1488 1717 quondam
1521 1636 1816 1718 pauperis
1847 1654 2105 1701 manum
2132 1654 2250 1701 neo
2280 1636 2740 1721 dedignabatur

486 1738 816 1803 auxilium:
882 1739 1075 1803 inseri
1132 1738 1263 1804 eius
1312 1739 1543 1823 digitos
1589 1740 1681 1804 ori
1726 1756 1836 1804 suo
1883 1743 1946 1804 et
1993 1740 2269 1823 mitigari
2314 1742 2737 1806 intolerandas

483 1840 759 1907 faucium
819 1839 1106 1907 flammas
1164 1842 1336 1908 illius
1394 1843 1638 1924 pridem
1699 1842 1965 1907 faetidae
2010 1860 2084 1907 ac
2127 1845 2469 1925 squalentis
2514 1862 2740 1909 manus

415 1969 467 2011 ιο
481 1963 739 2009 munere
802 1945 1181 2026 postulabat.
1256 1964 1291 2010 o
1347 1947 1581 2029 quanta
1645 1964 1860 2010 rerum
1924 1947 2197 2011 mutatio
2263 1946 2430 2012 facta
2498 1947 2740 2013 fuerat!

483 2047 659 2128 tangi
725 2052 879 2112 tunc
925 2046 1003 2112 ab
1052 2067 1124 2113 eo
1170 2048 1580 2126 desiderabat,
1649 2067 1837 2132 quem
1901 2051 2094 2115 etiam
2160 2051 2371 2116 uidere
2428 2055 2571 2116 ante
2629 2051 2742 2116 de·

483 2150 777 2232 spexerat.

569 2269 715 2334 XII.
779 2272 949 2336 Haec
994 2291 1139 2356 ergo
1186 2272 1415 2337 diuites
1472 2274 1763 2354 cogitent,
1826 2274 1931 2354 qui
1977 2274 2279 2337 redimere
2325 2268 2841 2338 facultatibus50

484 2374 615 2438 suis
674 2374 914 2450 nolunt,
973 2393 1050 2439 ne
1109 2376 1233 2440 ista
1287 2376 1629 2458 patiantur.
1705 2375 1879 2440 diues
1925 2375 2048 2440 fuit
2091 2375 2221 2453 ille,
2282 2375 2358 2440 de
2403 2394 2523 2459 quo
2568 2394 2737 2441 nunc

413 2477 814 2560 :eloquimun
865 2479 1093 2544 diuites
1139 2480 1288 2545 sunt
1332 2482 1395 2545 et
1438 2481 1567 2557 isti,
1617 2481 1695 2545 ad
1742 2497 1893 2562 quos
1937 2498 2103 2544 nunc
2144 2479 2475 2562 loquimur.
2550 2482 2735 2546 unius

484 2584 634 2646 sunt
693 2583 994 2648 nominis:
1057 2589 1319 2649 caueant
1364 2603 1441 2649 ne
1486 2585 1614 2648 sint
1673 2585 1862 2648 etiam
1909 2582 2285 2648 condicionis
2331 2583 2534 2649 unius
2610 2602 2738 2649 non

483 2684 838 2749 liberabunt
903 2688 1071 2752 enim
1137 2687 1252 2752 filii
1318 2687 1545 2752 diuites
1610 2691 1898 2768 parentes
1967 2704 2134 2764 reos,
2211 2705 2324 2751 nec
2391 2687 2739 2768 restinguet

484 2787 772 2852 flammas
818 2787 1031 2853 miseri
1091 2789 1405 2853 testatoris
1450 2789 1690 2853 deliciis
1737 2788 2108 2854 afluentibus
2154 2789 2486 2871 opulentus
2532 2789 2737 2855 heres.

488 2888 713 2955 durum
780 2891 879 2955 est
942 2890 1022 2955 ab
1090 2892 1294 2973 aliquo
1360 2891 1506 2957 filiis
1574 2910 1646 2956 ac
1709 2892 2069 2975 propinquis
2143 2909 2364 2972 parum
2431 2889 2836 2975 relinquie5l

413 3019 466 3060 ιε
489 2996 688 3058 multo
734 2998 828 3058 est
873 2995 1088 3060 durius
1133 2997 1197 3059 in
1246 2996 1616 3060 aeternitate
1659 2995 1957 3077 torqueri.
2021 2995 2238 3075 opinor
2276 2998 2439 3060 enim
2471 2995 2737 3062 diuitem

485 3095 688 3181 illum,
748 3115 889 3161 cum
933 3099 1340 3179 torqueretur,
1401 3116 1521 3163 non
1565 3099 1817 3163 tantum
1864 3099 2259 3164 delectabant
2302 3116 2446 3181 opes
2488 3099 2738 3166 heredis

485 3201 578 3264 sui
649 3204 950 3282 quantum
1016 3203 1328 3283 angebant
1393 3202 1711 3266 tormenta
1778 3202 2046 3284 corporis
2114 3202 2230 3282 sui,
2299 3220 2420 3269 non
2487 3203 2738 3269 tantum

688 3388 724 3441 8
768 3387 895 3440 Luc.
934 3388 1015 3454 16,
1051 3388 1121 3441 24

587 3557 619 3610 5
656 3557 905 3624 paenitus
939 3557 994 3611 A
1177 3558 1211 3612 8
1246 3557 1423 3626 inquit
1459 3572 1529 3610 ex
1562 3556 1754 3625 inquid
1790 3573 1930 3611 corr.
1965 3573 2034 3611 m.
2058 3560 2098 3611 2
2133 3558 2187 3611 B
2373 3558 2406 3610 9
2440 3557 2737 3613 *lazarum

486 3660 623 3698 erae.
661 3644 744 3697 bis
778 3645 856 3698 lit.
896 3660 925 3697 c
958 3644 1054 3698 sed
1088 3644 1171 3698 ita
1205 3649 1269 3697 ut
1315 3659 1429 3698 non
1475 3644 1698 3698 omnino
1743 3644 2035 3698 monuerit
2080 3644 2135 3697 A
2194 3644 2427 3698 lazarum
2474 3645 2557 3710 B,
2610 3645 2739 3699 item

475 3732 651 3799 paulo
678 3736 808 3799 post
841 3730 1061 3784 ..lsazari
1100 3735 1152 3784 ot
1186 3730 1355 3784 lazari
1530 3731 1591 3783 11
1630 3730 1843 3783 orrebat
1879 3731 1933 3784 B
2111 3731 2177 3785 13
2212 3732 2326 3785 eius
2360 3729 2524 3783 inseri
2560 3732 2738 3800 siquis

485 3817 935 3885 transpositionis
969 3816 1179 3870 additis
1215 3816 1269 3869 B
1474 3815 1861 3870 intollerandas
1897 3816 1953 3870 B
2160 3816 2227 3871 14
2260 3815 2491 3870 foetidae
2527 3817 2645 3884 (sic)
2682 3819 2738 3873 Δ

484 3903 638 3971 faede
690 3919 733 3957 s.
783 3918 885 3957 scr.
936 3919 1006 3956 m.
1053 3904 1093 3955 2
1144 3901 1194 3954 ti
1245 3902 1301 3955 Β
1537 3902 1604 3955 16
1657 3902 1802 3955 tanti
1857 3903 1910 3956 B
2138 3902 2439 3969 disperaret
2488 3903 2597 3956 AB

487 3989 569 4044 18.
604 3990 674 4043 20
716 3987 1272 4057 diuites—loquimur
1310 3993 1438 4054 post
1483 3990 1612 4042 sunt
1655 3988 1887 4041 nominis
1929 3988 2087 4043 habet
2120 3988 2175 4041 A
2209 3988 2304 4044 sed
2337 3988 2511 4058 siquis
2544 3995 2732 4043 trans·

479 4075 772 4143 positionis
805 4092 874 4129 m.
899 4080 931 4129 1
969 4080 1020 4129 et
1052 4091 1121 4131 m.
1155 4076 1196 4128 2
1231 4089 1273 4127 s.
1297 4074 1456 4127 unius
1479 4089 1582 4129 scr.
1608 4073 1659 4136 b,
1694 4089 1738 4128 s.
1765 4074 1965 4128 diuites
1987 4090 2020 4128 a
2043 4074 2126 4128 lit.
2313 4074 2378 4128 21
2407 4074 2735 4128 conditionis

485 4161 573 4215 hic
607 4163 664 4216 A
834 4162 902 4215 23
938 4160 1136 4214 diliciis
1171 4159 1495 4214 afluentibus
1531 4160 1643 4214 AB
1697 4160 1768 4226 cf.
1798 4161 1975 4227 paulo
2002 4166 2132 4228 post
2167 4166 2219 4214 et
2254 4160 2333 4216 ΙΙ
2359 4164 2435 4215 48
2606 4175 2736 4229 opu·

485 4247 665 4301 lentus
701 4263 768 4302 ex
805 4248 976 4301 -tibus
1013 4263 1152 4303 corr.
1190 4263 1258 4301 m.
1294 4249 1335 4301 2
1369 4245 1422 4299 Β
1628 4247 1780 4301 heres
1826 4262 1892 4300 ex
1938 4245 2153 4302 heredes
2187 4263 2324 4303 corr.
2360 4264 2429 4302 m.
2468 4250 2508 4300 2
2544 4247 2599 4299 A
