3380 4919
1058 320 1133 376 de
1167 321 1438 392 gubern.
1475 323 1581 377 dei
1622 322 1702 377 VI
1749 327 1779 388 ξ
1814 323 2034 378 33-38.
2553 327 2678 392 135

425 514 590 578 solus
647 512 827 579 nobis
873 513 940 578 in
983 514 1443 597 comparatione
1497 514 1781 579 omnium
1837 515 1990 579 deus
2046 514 2194 579 uilis
2250 517 2362 580 est.
2412 515 2675 599 denique
2701 516 2784 582 37

424 619 669 700 praeter
711 618 855 695 alia,
902 634 1058 701 quae
1101 616 1168 681 id
1212 617 1498 699 probant,
1546 614 1784 683 indicat
1827 616 1944 682 hoc
1988 617 2180 683 etiam
2213 616 2364 683 11333
2394 636 2494 683 133
2540 619 2678 702 ipsa

424 738 609 802 quam
654 720 811 785 (1133.
875 720 932 785 31
967 723 1207 803 quando
1238 721 1408 785 enim
1439 721 1733 801 euenerit,
1768 721 1931 803 quod
1962 719 2203 787 scilicet
2232 739 2413 803 saepe
2446 722 2674 801 euenit,

423 826 497 890 ut
542 824 760 890 eodem
803 823 901 890 die
946 827 1011 889 et
1055 822 1373 888 festiuitas
1409 822 1834 889 ecclesiastica
1863 824 1929 888 et
1957 824 2091 889 ludi
2121 824 2359 906 publici
2390 829 2676 907 agantur,

380 949 405 988 5
422 946 647 1013 quaero
705 926 782 992 ab
843 927 1122 993 omnium
1191 925 1586 1004 conscientia,
1656 928 1795 1008 quis
1861 925 2032 992 locus
2099 928 2363 992 maiores
2408 925 2679 992 Christi-

423 1050 677 1098 anorum
723 1031 1004 1095 uirorum
1049 1029 1258 1111 copias
1314 1027 1561 1107 habeat,
1621 1046 1809 1093 cauea
1860 1029 1995 1095 ludi
2040 1029 2276 1113 publici
2323 1049 2401 1095 311
2443 1032 2677 1097 atrium

423 1136 540 1214 dei,
602 1134 668 1198 et
712 1133 1020 1214 templum
1079 1150 1291 1197 omnes
1348 1132 1549 1215 magis
1606 1131 1922 1197 sectentur
1980 1150 2061 1197 311
2106 1132 2446 1212 theatrum,
2505 1133 2675 1200 dicta

422 1236 886 1320 euangeliorum
952 1234 1154 1319 magis
1219 1234 1489 1318 diligant
1548 1254 1627 1300 311
1670 1235 2176 1319 thymelicorum,
2249 1239 2440 1303 uerba
2506 1238 2676 1303 uitae

423 1360 503 1407 an
550 1343 739 1406 uerba
781 1340 1022 1413 mortis,
1069 1337 1264 1403 uerba
1314 1336 1549 1403 Christi
1595 1356 1673 1402 311
1720 1338 1911 1404 1131113
1952 1339 2182 1404 mimi?
2253 1359 2372 1405 non
2419 1343 2514 1405 est
2561 1340 2676 1405 (13-
2698 1337 2782 1402 38

356 1443 600 1509 lobium
666 1442 816 1525 quin
883 1441 1039 1507 illud
1104 1440 1308 1526 magis
1370 1459 1670 1519 amemus,
1741 1441 1902 1524 quod
1967 1443 2425 1525 anteponimus,
2505 1443 2677 1509 omni

425 1549 592 1614 enim
638 1547 929 1612 feralium
961 1546 1347 1611 ludicrorum
1379 1543 1500 1628 die,
1548 1544 1869 1626 quaelibet
1898 1546 2196 1611 ecclesiae
2229 1545 2388 1611 festa
2418 1545 2668 1626 fuerint,

421 1668 542 1715 11311
588 1650 789 1716 3313111
844 1652 923 1714 ad
969 1647 1297 1713 ecclesiam
1354 1666 1478 1713 non
1523 1640 1790 1712 ueniunt
1846 1649 1954 1730 qui
2000 1647 2381 1715 Christianos
2428 1668 2494 1714 se
2540 1667 2675 1714 esse

423 1753 660 1831 dicunt,
721 1755 827 1817 sed
876 1751 931 1816 si
975 1752 1083 1833 qui
1127 1750 1310 1816 inscii
1356 1751 1515 1816 forte
1573 1750 1871 1830 uenerint,
1936 1752 2088 1816 dum
2131 1752 2200 1816 in
2243 1752 2382 1834 ipsa
2424 1753 2679 1817 33313313

423 1860 588 1933 sunt,
632 1856 685 1919 si
729 1855 908 1920 ludos
952 1855 1054 1936 agi
1098 1855 1383 1930 audiunt,
1453 1853 1779 1919 ecclesiam
1826 1855 2286 1937 derelinquunt.
2362 1853 2679 1938 spernitur

356 1982 408 2024 15
423 1958 519 2022 dei
574 1958 916 2042 templum,
986 1957 1061 2021 ut
1124 1960 1413 2022 curratur
1480 1961 1557 2023 ad
1623 1957 1976 2022 theatrum:
2043 1958 2307 2023 33313313
2372 1958 2678 2023 uacuatur

425 2062 625 2126 circus
670 2062 1006 2142 impletur:
1064 2058 1381 2125 Christum
1437 2059 1505 2124 in
1561 2060 1786 2125 altario
1833 2061 2236 2137 dimittimuS,
2283 2067 2356 2126 ut
2402 2063 2680 2128 adulter-

423 2168 599 2230 antes
671 2165 810 2230 uisu
885 2163 1306 2248 impurissimo
1384 2165 1592 2229 oculos
1672 2164 2052 2229 ludicrorum
2129 2164 2408 2247 turpium
2482 2163 2680 2230 forni-

424 2270 661 2333 catione
725 2285 1072 2349 pascamuS.
1151 2271 1213 2332 et
1271 2267 1406 2331 ideo
1463 2268 1809 2333 rectissime
1866 2268 1945 2332 ad
2000 2285 2113 2332 nos
2181 2269 2464 2333 dominus
2532 2268 2689 2332 deus

423 2371 604 2436 dicit:
676 2371 993 2452 propter
1048 2370 1525 2453 spurcitiam
1596 2369 2116 2435 exterminati
2173 2371 2371 2434 estis
2432 2371 2682 2434 exter-

352 2474 685 2540 aominio.
741 2479 804 2538 et
850 2494 1094 2540 rursum
1140 2465 1922 2539 ‘exterminabuntur'
1965 2473 2171 2555 inquit
2212 2464 2411 2537 ‘arae
2454 2474 2681 2538 huius

428 2579 530 2641 ris
546 2598 586 2641 u
604 2577 672 2642 s’.

629 2780 694 2833 19
746 2779 778 2833 ῬΥ
982 2779 1128 2833 20?

527 2970 562 3022 3
596 2968 834 3023 euenerit
869 2969 989 3024 edd.
1026 2975 1077 3023 et
1111 2970 1399 3024 Halmius:
1454 2971 1668 3025 uenerit
1703 2971 1813 3025 AB
1854 2975 1976 3034 (usu
2011 2971 2076 3024 in
2110 2986 2144 3025 υ
2177 2969 2472 3037 adscripsit
2508 2984 2686 3039 mary.

426 3055 823 3110 Brassieanus:
881 3057 1121 3110 euenerit
1158 3072 1268 3125 pro
1311 3056 1452 3111 enim
1499 3056 1709 3110 uenerit
1742 3056 2169 3122 Rittershusius)
2377 3054 2684 3123 saepeuenit

425 3157 593 3210 super
628 3158 656 3194 e
690 3141 961 3197 secundae
1006 3143 1125 3212 syll.
1174 3158 1276 3197 ser.
1322 3143 1417 3197 alt.
1465 3157 1494 3195 e
1537 3159 1606 3197 m.
1647 3146 1679 3195 1
1726 3142 1779 3195 A
1984 3142 2020 3196 4
2055 3158 2115 3196 33
2151 3158 2194 3198 3.
2231 3158 2333 3196 ser.
2367 3158 2435 3195 m.
2474 3157 2579 3195 ree.
2617 3142 2685 3195 (13

427 3228 481 3281 A
515 3242 574 3281 33
610 3228 666 3281 Β
700 3230 850 3295 (item
884 3245 942 3292 v,
997 3227 1092 3283 sed
1135 3229 1199 3283 in
1232 3245 1402 3299 mai-9.
1438 3229 1567 3283 add.
1605 3228 1725 3282 dem
1762 3228 2154 3293 Brassicanus)
2360 3229 2397 3283 4
2435 3233 2486 3282 et
2520 3229 2553 3281 6
2589 3232 2683 3297 pu·

428 3312 557 3367 blioi
591 3330 661 3367 ex
694 3314 905 3384 publice
937 3315 994 3368 A
1029 3330 1168 3368 corr.
1205 3331 1273 3368 m.
1305 3316 1345 3369 2
1551 3314 1582 3367 7
1619 3315 1822 3383 omnes]
1863 3314 2105 3367 homines
2141 3315 2548 3369 Rittershusius

427 3399 461 3452 8
495 3399 908 3453 thimellicorum
943 3399 1040 3453 sed
1055 3401 1245 3468 priore
1280 3400 1301 3452 1
1335 3416 1405 3453 m.
1429 3402 1471 3453 2
1501 3404 1635 3453 mut.
1660 3400 1724 3453 in
1760 3415 1788 3453 e
1823 3405 1876 3455 et
1900 3400 1992 3454 alt.
2028 3400 2050 3452 l
2078 3406 2273 3468 pwnet.
2310 3400 2364 3451 A
2401 3400 2485 3466 (in
2511 3415 2684 3468 mary.

427 3499 495 3537 m.
528 3484 805 3538 recentiss.
856 3484 1086 3553 ylossam
1131 3485 1258 3539 add.
1318 3484 1598 3538 hemelms
1644 3485 1870 3539 schenic.
1919 3501 2053 3537 mus,
2092 3501 2135 3539 c.
2173 3485 2209 3536 i.
2246 3486 2281 3537 i.
2322 3502 2364 3538 3.
2400 3484 2683 3554 thymelici

428 3572 552 3623 sunt
587 3569 781 3624 scenici
817 3570 1008 3624 musici
1044 3576 1109 3624 ut
1147 3575 1227 3625 est
1263 3570 1417 3638 apud
1452 3570 1587 3624 Isid.
1632 3570 1725 3625 Or.
1764 3574 1850 3624 18.
1892 3574 1986 3637 47)
2195 3572 2257 3625 15
2294 3576 2682 3625 concurruntur

426 3655 481 3709 B
692 3657 756 3709 18
794 3661 924 3723 post
969 3671 1248 3724 pascamus
1293 3656 1538 3725 sequimi·
1582 3659 1646 3709 in
1688 3657 1866 3710 libris:
1928 3660 2113 3725 postea
2158 3656 2251 3710 sed
2298 3656 2553 3710 uidelicet
2590 3657 2685 3726 qui

431 3743 633 3809 (postea
657 3742 807 3797 add.
854 3742 918 3795 in
963 3746 1012 3807 v)
1069 3742 1455 3811 corrumpimur
1500 3742 1659 3796 rebus
1708 3743 1971 3811 prosperis
2017 3742 2321 3798 faciendum
2368 3743 2578 3813 aliquid
2623 3744 2683 3798 in

429 3829 684 3897 principio
725 3831 998 3896 (putamus
1034 3828 1163 3882 add.
1200 3829 1265 3883 in
1299 3832 1370 3893 v).
1421 3828 1570 3883 ‘haec
1617 3830 1793 3883 uerba
1838 3829 2074 3883 delenda
2110 3845 2220 3884 esse
2252 3831 2529 3885 intellexit
2562 3831 2683 3885 Ba-

430 3914 643 3982 luzius,·
678 3914 825 3968 idem
857 3915 923 3968 in
958 3913 1199 3982 exemplo
1222 3914 1543 3980 Pithoeano,
1579 3914 1726 3983 quod
1760 3920 1937 3969 exstat
1959 3916 2024 3969 in
2050 3916 2175 3971 bibl.
2200 3917 2529 3972 Monacensi
2552 3919 2685 3974 bene

431 4002 643 4054 monuit
688 4000 860 4053 uerba
907 4000 1000 4053 sed
1051 3999 1655 4069 uidelicet—prosperis
1702 4002 1938 4070 repetita
1983 4008 2086 4057 aut
2128 4010 2427 4073 praecepta
2472 4020 2581 4059 esse
2617 4022 2685 4059 ex

432 4084 542 4139 loeo
577 4085 849 4151 inferiore
884 4102 926 4139 3.
962 4089 1038 4140 12
1073 4086 1214 4141 init?
1251 4086 1526 4152 Halmius,
1582 4088 1740 4141 euius
1784 4087 1851 4141 de
1884 4088 2035 4153 fonte
2077 4090 2193 4145 rell.
2231 4091 2526 4146 uerborum
2559 4108 2684 4146 sen-

432 4172 656 4225 tentiam
691 4173 754 4226 in
791 4172 923 4227 adn.
959 4174 1078 4227 erit.
1116 4172 1452 4240 propositam
1478 4174 1690 4240 partim
1723 4175 2100 4242 suppleuimus
2114 4178 2329 4245 partim
2351 4179 2686 4233 correximus

433 4257 495 4308 in
534 4256 831 4311 Sitz.-Ber.
860 4274 922 4325 p.
961 4261 1031 4311 12
1051 4274 1126 4326 sq.
1337 4257 1402 4310 19
1437 4257 1748 4325 spurtitiam
1783 4261 1839 4314 A
2045 4262 2336 4316 extermino
2371 4262 2427 4316 B
