3380 4919
622 311 706 377 32
1590 305 1909 360 Saluiani

622 500 872 581 quidem
929 499 1214 582 superius
1257 515 1433 564 sacer
1476 516 1679 563 sermo
1740 498 2011 563 testatus
2058 498 2176 575 est,
2236 495 2383 578 quia
2426 495 2585 560 ocnli
2631 496 2872 561 domini

620 602 1123 686 contemplantur
1168 601 1361 667 bonos
1406 602 1470 666 et
1515 602 1736 667 malos.
1795 603 1905 666 sed
1949 601 2005 665 si
2050 603 2241 666 etiam
2278 616 2442 664 nunc
2484 598 2582 665 uis
2623 598 2874 681 plenius

617 706 907 790 probare,
967 705 1203 788 respice
1247 704 1396 786 quid
1442 708 1773 784 sequatur;
1843 704 1958 769 hoc
2002 704 2170 769 enim
2217 701 2533 769 subditur:
2600 702 2873 768 uultus

617 812 874 873 autem
932 806 1224 874 domini
1284 825 1514 890 super
1572 806 1972 873 facientes
2032 807 2269 893 mala,
2329 807 2419 872 ut
2459 804 2736 889 perdat
2780 804 2872 869 de

616 916 842 978 terra
899 910 1348 975 memoriam
1407 927 1687 975 eorum.
1756 910 1931 976 uides
1994 912 2226 994 absque
2271 909 2494 989 dubie,
2555 908 2707 992 quia
2748 926 2872 973 non
2914 931 2936 970 ⁵

615 1019 791 1100 potes
838 1015 1047 1098 queri,
1109 1013 1274 1095 quod
1317 1031 1439 1078 non
1484 1013 1746 1097 aspiciat
1792 1015 1984 1081 etiam
2027 1015 2295 1082 iniustos
2341 1014 2525 1094 deus,
2582 1010 2729 1095 quia
2773 1012 2870 1076 in-

616 1119 859 1202 tellegis
902 1116 1258 1200 generalem
1302 1115 1557 1199 quidem
1601 1134 1735 1182 esse
1778 1119 1842 1182 in
1874 1135 2087 1183 omnes
2134 1118 2372 1183 domini
2414 1117 2720 1182 uisionem
2762 1113 2872 1179 sed

615 1221 980 1287 meritorum
1046 1218 1213 1285 fieri:
1249 1217 1662 1300 disparilitate
1729 1219 2064 1286 diuersam.
2140 1220 2283 1287 boni
2344 1221 2569 1303 quippe
2645 1217 2869 1301 aspici-

615 1328 804 1390 untur
878 1324 950 1390 ut
1015 1324 1457 1390 conseruentur
1475 1372 1491 1402 ,
1551 1324 1705 1388 mali
1763 1323 1836 1388 ut
1902 1323 2375 1405 disperdantur:
2444 1342 2585 1388 cum
2643 1320 2871 1404 quibus

614 1428 830 1512 utique
875 1432 1119 1511 partem
1167 1430 1231 1492 et
1274 1425 1407 1509 ipse
1439 1425 1698 1505 habens,
1747 1426 1854 1509 qui
1897 1425 2180 1492 homines
2215 1445 2253 1492 a
2282 1428 2394 1492 deo
2431 1425 2626 1508 aspici
2655 1441 2870 1509 negas,
2889 1448 2939 1487 ιο

613 1551 735 1598 11011
796 1533 1001 1597 80111111
1057 1532 1260 1598 uideri
1306 1536 1369 1596 te
1416 1549 1454 1595 a
1498 1529 1749 1595 domino
1797 1529 2115 1595 euidenter
2158 1530 2488 1614 intellege,
2553 1527 2661 1593 sed
2705 1529 2867 1611 peri-

613 1638 826 1700 turum
897 1654 1138 1718 quoque
1205 1633 1641 1700 indubitanter
1709 1650 2002 1716 agnosce,
2071 1651 2219 1698 nam
2277 1651 2419 1698 cum
2477 1635 2556 1699 ad
2613 1633 2728 1696 hoc
2784 1630 2872 1696 811

613 1738 828 1803 uultus
872 1738 1106 1803 domiui
1152 1756 1336 1820 super
1381 1736 1685 1801 facientes
1729 1737 1917 1815 mala,
1964 1736 2037 1801 ut
2072 1737 2297 1819 perdat
2326 1737 2401 1801 de
2431 1740 2600 1800 terra
2626 1752 2866 1799 memo-

613 1842 770 1906 riam
816 1857 1060 1918 eorum,
1122 1858 1367 1904 necesse
1414 1839 1535 1911 est,
1598 1840 1673 1904 ut
1717 1839 1824 1922 qui
1878 1841 2149 1921 aspicere
2193 1839 2293 1905 dei
2338 1839 2591 1904 uultum
2635 1837 2867 1921 perfide

613 1961 834 2026 nega8‚
895 1942 1256 2025 aspicientis
1300 1941 1458 2006 iram
1515 1941 1864 2023 perditione
1909 1959 2260 2025 cognoscas.
2330 1941 2524 2025 igitur
2570 1942 2645 2005 de
2690 1958 2935 2022 prae-1⁵

613 2046 814 2112 sentia
858 2065 928 2112 ac
975 2046 1050 2110 de
1096 2046 1348 2128 aspectu
1393 2045 1490 2109 dei
1535 2045 1655 2109 ista
1701 2045 2041 2111 sufficiunt.

553 2185 593 2250 6
696 2183 780 2247 ΙΙ.
842 2182 1181 2248 Videamus
1229 2201 1410 2258 nunc,
1458 2202 1537 2249 an
1584 2184 1692 2265 qui
1738 2183 1997 2266 respicit
2039 2188 2238 2266 regat,
2285 2202 2425 2247 cum
2470 2186 2684 2266 utique
2727 2182 2867 2264 ipsa

611 2287 769 2352 ratio
836 2287 1176 2368 aspiciendi
1244 2304 1497 2352 causam
1545 2285 1609 2351 in
1655 2306 1722 2352 se
1765 2286 1994 2353 habeat
2053 2286 2478 2371 gubernandi,
2541 2287 2688 2369 quia
2744 2305 2865 2351 non

614 2389 691 2454 ad
735 2389 853 2455 hoc
909 2390 1195 2473 respicit,
1251 2391 1340 2473 ut⁴
1369 2409 1509 2454 cum
1558 2390 1895 2473 aspexerit,
1944 2390 2269 2473 neglegat,
2319 2391 2425 2475 qui
2469 2390 2712 2456 scilicet
2755 2409 2866 2473 per

611 2495 672 2560 id
718 2494 921 2576 ipsum
966 2512 1087 2559 non
1133 2494 1464 2578 neglegere
1520 2495 1941 2578 intellegItur,
2000 2494 2148 2576 quia
2192 2494 2502 2577 respicere
2549 2492 2861 2576 dignatur,
2882 2511 2933 2552 20

610 2597 975 2679 praesertim
1038 2615 1181 2661 cum
1243 2597 1527 2678 superius
1591 2615 1764 2661 sacer
1821 2614 2021 2661 sermo
2081 2600 2353 2662 testatus
2414 2596 2499 2660 sit
2541 2597 2738 2661 malos
2783 2596 2864 2658 ad

609 2698 1022 2782 perditionem
1067 2717 1105 2763 a
1151 2699 1263 2763 deo
1320 2699 1512 2781 aspici
1574 2700 1767 2763 bonos
1826 2699 1904 2763 ad
1951 2698 2240 2763 salutem.
2310 2699 2425 2763 hoc
2466 2698 2599 2781 ipso
2645 2697 2862 2779 utique

610 2800 986 2883 dispensatio
1057 2800 1255 2866 diuini
1321 2801 1725 2884 gubernaculi
1785 2802 2283 2877 demonstratum
2357 2800 2470 2865 hoc
2533 2802 2626 2864 est
2695 2798 2862 2864 enim

609 2907 774 2971 iusta
839 2903 1288 2986 gubernatione
1355 2921 1567 2986 regere
1623 2906 1688 2969 et
1735 2903 2010 2988 singulos
2070 2921 2341 2985 quosque
2409 2902 2688 2967 homines
2753 2919 2861 2985 pro

815 3110 849 3163 3
882 3108 1026 3163 Psal.
1061 3108 1145 3176 33,
1186 3108 1248 3163 17

713 3301 743 3353 1
795 3300 1031 3352 testatur
1088 3296 1143 3351 Β
1366 3296 1400 3351 2
1453 3295 1623 3350 1118108
1669 3300 1724 3351 01
1773 3297 1939 3352 bonos
1986 3297 2068 3362 Β,
2121 3298 2249 3351 item
2285 3299 2340 3350 A
2380 3296 2476 3350 sed
2510 3297 2597 3350 hic
2632 3296 2861 3353 adiectis

608 3385 1057 3454 transpositionis
1089 3384 1264 3454 siqnis
1299 3383 1367 3449 ef.
1405 3399 1585 3452 snpra
1620 3381 1698 3438 ad
1730 3388 1766 3447 5
1791 3386 1829 3436 2
2033 3383 2066 3435 6
2112 3385 2263 3451 potes
2310 3381 2392 3435 B:
2446 3384 2642 3451 potest·
2668 3384 2724 3437 A

608 3471 735 3539 quia
767 3471 1030 3541 intelleg.]
1068 3470 1161 3540 qui
1197 3485 1318 3524 cum
1354 3469 1626 3538 intellegis
1663 3468 1721 3522 Β
1928 3467 1994 3522 10
2027 3468 2223 3537 aspicis
2258 3468 2313 3521 Β
2521 3469 2587 3521 13
2634 3468 2858 3540 domini]

608 3557 695 3611 dei
747 3557 893 3623 B(?)
1120 3557 1185 3611 14
1218 3561 1348 3624 post
1390 3570 1570 3610 eorum
1615 3554 1744 3609 add.
1792 3555 1873 3609 B:
1929 3555 1992 3607 de
2027 3553 2418 3624 gubernacione
2454 3554 2685 3623 (adiecto
2721 3556 2858 3623 dei);

608 3643 699 3697 cni
752 3644 1020 3698 consentit
1072 3643 1147 3707 T,·
1202 3644 1268 3697 in
1310 3658 1346 3695 v
1389 3657 1521 3697 uero
1565 3646 1670 3696 est:
1731 3641 1797 3695 (10
1850 3640 2238 3709 gubernatione
2290 3639 2438 3693 omni
2659 3642 2860 3711 perfide

608 3728 1033 3783 Rittershusv'ms:
1082 3744 1178 3797 per
1212 3727 1371 3782 fidem
1405 3728 1515 3781 AB
1727 3726 1793 3780 16
1829 3725 2119 3779 sufficiunt.
2177 3740 2250 3779 nn
2284 3739 2723 3783 cunr-:nminem
2759 3745 2858 3783 nm

608 3815 686 3877 A3
733 3812 837 3877 cfr.
865 3812 940 3865 ad
956 3813 1146 3881 praef.
1173 3819 1210 3877 9
1231 3819 1263 3867 1
1450 3814 1508 3868 17
1536 3829 1605 3867 811
1630 3810 1726 3881 qui
1748 3827 1890 3865 nunc
1912 3811 1967 3864 Β
2154 3811 2219 3864 18
2242 3811 2370 3880 quia
2393 3812 2565 3868 adhuc
2589 3830 2693 3869 non
2717 3831 2854 3885 resp.

605 3900 662 3954 Β
699 3901 960 3967 (ceterum
995 3898 1172 3952 adhuc
1207 3901 1368 3954 etiam
1402 3899 1457 3952 A
1491 3915 1561 3953 m.
1587 3903 1634 3962 1,
1668 3898 1765 3951 sed
1796 3913 1837 3950 s.
1870 3913 1975 3951 scr.
2014 3914 2044 3950 o
2079 3914 2147 3952 m.
2185 3897 2393 3966 eadem)
2573 3901 2642 3955 24
2676 3917 2857 3971 regere
2922 3886 2927 3892 ’

606 3989 660 4040 et
695 3986 751 4039 in
788 3986 1031 4054 singulos
1066 3986 1121 4037 A
1158 3985 1331 4052 (unde
1362 3987 1492 4052 fort.
1533 3983 1902 4054 colligendum
1936 3989 2012 4038 est
2041 3986 2107 4039 in
2142 3987 2432 4057 archetypo
2463 3986 2638 4052 fnisse
2673 4002 2855 4057 regere

607 4072 686 4125 fin
723 4072 965 4139 singulos
1010 4072 1149 4126 male
1191 4072 1392 4127 iterata
1439 4072 1657 4142 syllaba
1685 4071 1771 4124 fin
1811 4076 1865 4125 et
1911 4069 2243 4126 Saluianum
2288 4074 2593 4143 empsisse.-
2648 4088 2853 4143 regeret

606 4155 849 4226 singulos
885 4161 948 4210 ut
980 4156 1050 4210 sit
1085 4158 1390 4211 sententia.-
1442 4157 1617 4223 „denn
1661 4155 1759 4208 das
1806 4154 1979 4209 heisst
2025 4157 2112 4210 die
2150 4157 2298 4212 Welt
2333 4158 2547 4226 gerecht
2583 4157 2851 4226 regierenz

600 4242 755 4311 jeden
791 4241 1062 4295 einzelnen
1103 4240 1385 4296 Menschen
1422 4243 1558 4297 nach
1596 4244 1796 4295 seinem
1834 4240 2149 4297 Verdienste
2189 4242 2563 4310 behandeln.“)

342 4523 777 4724 ‘N
