3380 4919
1132 315 1208 372 de
1241 317 1514 386 gubern.
1551 317 1661 373 dei
1696 316 1816 373 1111
1851 321 1882 383 ς
1918 317 2141 372 58-64.
2678 320 2759 386 87

506 526 619 575 nos
662 509 796 574 sine
853 509 1316 591 comparatione
1366 506 1692 573 meliores:
1756 509 2062 591 quantum
2109 508 2189 572 ad
2234 508 2432 574 uitam
2478 527 2550 574 ac
2592 510 2763 576 uitae

505 614 704 697 actus,
749 611 925 678 doleo
973 630 1048 677 ac
1090 612 1322 696 plango
1367 628 1499 677 esse
1543 612 1805 693 peiores.
1868 612 2157 693 quamuis
2187 610 2252 677 id
2281 610 2490 693 ipsum
2523 613 2761 690 tamen,

505 717 579 780 ut
622 717 770 781 ante
814 714 945 780 iam
1001 713 1270 780 diximus
1287 764 1303 794 ,
1369 731 1492 779 non
1549 715 1625 779 de
1683 714 1851 779 omni
1910 713 2160 797 penitus
2217 713 2485 779 Romani
2545 716 2764 798 populi

505 817 916 884 uniuersitate
962 819 1245 884 dicamus
1276 853 1362 865 —
1390 816 1626 900 excipio
1669 816 1840 881 enim
1869 815 2145 899 primum
2176 834 2388 883 omnes
2417 817 2762 901 religiosos,
2781 817 2867 884 62

462 942 490 984 s
507 920 729 986 deinde
784 922 1119 987 nonnullos
1179 922 1370 987 etiam
1426 920 1773 986 saeculares
1829 919 2141 1005 religiosis
2197 937 2378 1003 pares
2423 924 2553 1001 aut,
2601 921 2657 986 si
2698 921 2765 987 id

505 1022 696 1099 nimis
741 1025 977 1107 grande
1022 1023 1138 1103 est,
1185 1024 1398 1107 aliqua
1441 1025 1654 1089 tamen
1699 1023 2008 1107 religiosis
2065 1023 2464 1091 honestorum
2509 1025 2767 1093 actuum

505 1127 815 1210 probitate
861 1127 1216 1194 consimiles
1238 1164 1324 1175 —
1347 1128 1580 1193 ceteros
1623 1145 1771 1193 uero
1802 1127 1913 1192 aut
1943 1144 2156 1193 omnes
2186 1127 2298 1192 aut
2327 1146 2520 1210 paene
2552 1146 2765 1195 omnes

505 1231 709 1313 magis
763 1249 903 1296 reos
962 1248 1095 1296 esse
1151 1250 1340 1314 quam
1394 1229 1713 1296 barbaros.
1788 1229 1907 1296 hoc
1964 1234 2062 1295 est
2119 1231 2332 1296 autem
2392 1230 2765 1297 deteriorem

510 1352 640 1398 esse
685 1333 891 1418 magis
937 1353 1116 1400 reum
1147 1352 1299 1400 esse.
1344 1332 1556 1417 itaque
1588 1333 1735 1416 quia
1764 1331 2052 1399 nonnulli
2095 1332 2537 1401 inrationabile
2580 1335 2768 1418 atque

437 1461 492 1502 ιο
507 1437 848 1504 absurdum
894 1437 1282 1502 arbitrantur
1326 1439 1399 1502 ut
1453 1436 1565 1502 aut
1596 1436 1933 1501 deteriores
1962 1439 2075 1501 aut
2105 1454 2228 1501 non
2257 1436 2530 1504 multum
2576 1440 2767 1505 etiam

507 1539 795 1606 meliores
840 1539 1120 1605 barbaris
1165 1539 1534 1620 iudicemur,
1579 1539 1929 1623 uideamus,
1976 1543 2049 1604 ut
2094 1538 2240 1620 dixi,
2289 1543 2400 1606 aut
2430 1559 2550 1623 quo
2580 1543 2766 1608 modo

507 1646 616 1711 aut
671 1643 896 1726 quibus
954 1643 1250 1711 barbaris.
1325 1661 1437 1726 ego
1501 1643 1670 1707 enim
1714 1644 1964 1724 praeter
2009 1659 2108 1708 eos
2152 1645 2590 1711 tantummodo
2635 1646 2763 1712 Ro·
2785 1643 2870 1710 63

507 1765 856 1825 manorum,
904 1763 1056 1829 quos
1097 1747 1281 1830 paulo
1329 1747 1515 1811 antea
1557 1745 1899 1821 nominaui,
1958 1748 2194 1811 ceteros
2239 1750 2350 1813 aut
2395 1766 2610 1815 omnes
2654 1753 2765 1816 aut

506 1867 703 1933 paene
758 1868 972 1914 omnes
1029 1849 1282 1915 maioris
1342 1852 1552 1914 reatus
1609 1848 1752 1913 dico
1796 1852 1862 1915 et
1907 1848 2352 1915 criminosioris
2415 1853 2588 1917 uitae
2630 1871 2767 1917 esse

440 1979 490 2019 ιε
509 1970 698 2034 quam
743 1952 1060 2018 barbaros.
1122 1951 1408 2017 irasceris
1454 1952 1720 2022 forsitan
1764 1951 1872 2036 qui
1901 1952 2055 2018 haec
2100 1953 2259 2036 legis
2290 1954 2354 2020 et
2397 1955 2768 2035 condemnas

508 2055 759 2141 insuper
812 2074 971 2139 quae
1028 2055 1207 2139 legis.
1282 2074 1404 2121 non
1458 2054 1703 2138 refugio
1761 2073 2085 2121 censuram
2130 2058 2326 2122 tuam.
2403 2058 2767 2142 condemna,

509 2158 564 2224 si
607 2157 896 2239 mentior,
943 2159 1306 2233 condemna,
1356 2159 1412 2223 si
1444 2177 1568 2226 non
1610 2159 1971 2242 probauero,
2017 2160 2379 2236 condemna,
2424 2162 2478 2226 si
2506 2161 2573 2226 id
2605 2161 2768 2244 quod

510 2265 723 2329 adsero
767 2280 888 2327 non
933 2261 1128 2328 etiam
1170 2263 1514 2345 scripturas
1559 2279 1769 2327 sacras
1800 2261 2024 2329 dixisse
2056 2263 2508 2329 monstrauero.
2573 2265 2769 2346 igitur
2788 2261 2876 2329 64

511 2365 621 2446 qui
664 2365 956 2431 meliores
1000 2383 1112 2430 nos
1158 2364 1361 2431 multo
1408 2365 1659 2429 cunctis
1697 2381 1854 2447 quae
1899 2368 2050 2430 sunt
2093 2364 2161 2429 in
2196 2365 2427 2435 mundo
2472 2365 2770 2450 gentibus

441 2492 495 2535 so
509 2468 858 2535 iudicamus
902 2488 1014 2534 nec
1054 2468 1207 2552 ipse,
1268 2468 1376 2551 qui
1418 2470 1734 2534 Romanos
1779 2468 1915 2534 dico
1964 2468 2033 2533 in
2073 2467 2367 2550 plurimis
2411 2468 2774 2549 deteriores,

509 2572 745 2657 abnego
801 2572 871 2636 in
926 2571 1303 2654 quibusdam
1358 2590 1490 2639 esse
1545 2571 1859 2637 meliores.
1932 2570 2071 2638 uita
2128 2572 2325 2651 enim,
2386 2574 2459 2637 ut
2505 2573 2662 2652 dixi,
2706 2576 2772 2638 et

510 2675 776 2756 peccatis
821 2694 1039 2742 sumus
1086 2674 1441 2752 deteriores,
1487 2674 1626 2758 lege
1658 2678 1873 2739 autem
1910 2674 2221 2741 catholica
2265 2673 2402 2742 sine
2448 2692 2772 2758 compara-

510 2778 682 2844 tione
736 2778 1050 2844 meliores.
1124 2780 1233 2844 sed
1293 2777 1456 2842 illud
1501 2775 2021 2844 considerandum
2066 2781 2163 2842 est
2178 2829 2194 2859 ,
2241 2779 2420 2861 quia,
2465 2781 2627 2862 quod
2670 2779 2769 2846 lex

510 2879 676 2945 bona
704 2880 820 2958 est,
867 2883 1152 2946 nostrum
1182 2899 1307 2946 non
1335 2882 1451 2959 est,
1489 2880 1655 2962 quod
1687 2883 1903 2945 autem
1932 2881 2100 2946 male
2135 2880 2434 2961 uiuimuS,
2482 2883 2770 2947 nostrum

442 3005 494 3048 25
513 2985 626 3048 est.
703 2987 766 3048 et
811 2983 969 3049 nihil
1012 2984 1232 3066 utique
1280 2983 1461 3049 nobis
1520 2983 1775 3066 prodest
1820 2985 1983 3066 quod
2027 2985 2127 3049 lex
2176 2987 2272 3049 est
2318 2986 2492 3064 bona,
2536 2985 2591 3051 si
2636 2985 2773 3051 uita

510 3087 726 3151 nostra
771 3086 838 3151 et
881 3086 1268 3154 conuersatio
1314 3106 1439 3153 non
1485 3091 1580 3153 est
1621 3090 1815 3167 bona3
1860 3088 1964 3153 lex
2009 3090 2175 3156 enim
2222 3092 2384 3156 bona
2414 3108 2641 3155 munus
2674 3092 2771 3155 est

510 3187 769 3268 Christi,
815 3189 955 3255 uita
996 3195 1210 3257 autem
1253 3209 1378 3257 non
1420 3192 1584 3257 bona
1623 3191 1902 3256 criminis
1934 3195 2150 3258 nostri.
2194 3192 2391 3257 immo
2421 3191 2540 3258 hoc
2563 3193 2772 3277 'magis

512 3292 854 3375 culpabiles
911 3311 1124 3358 sumus
1146 3345 1162 3375 ,
1221 3293 1277 3358 si
1331 3293 1541 3378 legem
1598 3295 1828 3360 bonam
1891 3294 2151 3360 colimus
2195 3297 2260 3360 et
2302 3293 2456 3359 mali
2503 3295 2773 3360 cultores

524 3575 535 3581 ·
616 3565 646 3616 1
701 3565 964 3632 quantum
1010 3566 1188 3619 autem
1240 3565 1296 3619 Β
1503 3562 1677 3619 uitam
1726 3580 1789 3621 ac
1826 3565 1942 3632 (sed
1976 3581 2038 3620 ac
2070 3565 2136 3631 §n
2169 3567 2307 3631 ras.)
2354 3565 2438 3618 A:
2492 3564 2667 3619 uitam
2702 3564 2772 3619 ad

510 3649 566 3703 Β
590 3649 711 3718 (Tt)
756 3651 929 3705 uitam
952 3655 1008 3705 et
1032 3651 1102 3705 ad
1122 3652 1188 3706 in
1208 3666 1312 3721 my.
1335 3667 1371 3707 v
1393 3650 1762 3706 Brassieoenus
1802 3650 1975 3705 uitam
1998 3654 2055 3706 et
2078 3649 2340 3705 Halmius
2524 3650 2557 3705 6
2593 3652 2775 3721 aliqua

511 3735 568 3790 Β
613 3751 751 3792 corr.
789 3752 857 3792 ex
901 3736 1101 3806 aliquis
1292 3740 1530 3792 actuum
1581 3737 1929 3792 honestorum
1981 3737 2039 3791 Β
2245 3737 2277 3792 7
2333 3738 2550 3791 ceteros·
2588 3740 2770 3791 autem

512 3836 694 3876 omnes
740 3823 796 3877 Β
830 3838 899 3877 m.
937 3828 971 3877 1
1003 3824 1131 3878 item
1163 3823 1356 3879 statim
1399 3839 1532 3893 pene
1582 3823 1757 3878 omnis
1963 3822 2033 3876 14
2078 3822 2297 3877 maioris
2343 3838 2413 3878 ex
2458 3822 2685 3877 maiores
2720 3829 2775 3878 et

509 3908 566 3961 A
618 3905 687 3963 et‘
724 3908 780 3962 Β
831 3924 973 3964 corr.
1026 3924 1096 3966 m.
1147 3912 1185 3965 2
1348 3929 1353 3935 ·
1443 3908 1824 3964 criminosioris
1879 3924 1949 3964 ex
2003 3924 2115 3963 ·res
2169 3908 2225 3963 A
2277 3923 2417 3965 corr.
2469 3925 2537 3964 m.
2596 3911 2637 3964 2

509 3992 578 4047 16
594 4030 612 4047 .
628 3993 697 4047 17
733 3993 1085 4061 condempnat
1119 3998 1204 4048 ter
1238 3993 1294 4048 A
1347 3994 1704 4063 condempnas
1738 3998 1824 4050 ter
1859 3994 1915 4048 Β
2106 3993 2177 4048 20
2210 3993 2539 4063 implurimis
2578 3993 2773 4049 deteri-

510 4079 694 4133 oribus
739 4078 795 4133 A
1000 4079 1070 4134 23
1117 4080 1261 4149 quod
1307 4096 1410 4138 om.
1459 4081 1515 4135 Β
1548 4097 1618 4135 m.
1654 4086 1688 4135 1
1897 4080 1968 4134 24
2011 4096 2119 4136 non
2168 4081 2224 4135 Β
2255 4095 2300 4135 s.
2335 4083 2370 4137 l.
2556 4080 2647 4135 *25
2692 4096 2775 4135 eu

509 4165 652 4220 nihil
688 4167 760 4231 A,
812 4164 992 4232 fwiese
1026 4155 1252 4222 uidetur
1286 4182 1354 4221 en
1544 4167 1613 4221 26
1640 4182 1750 4236 pro
1784 4168 1841 4221 et
1875 4166 1931 4221 A
1966 4167 2014 4220 ei
2047 4182 2091 4221 s.
2126 4166 2161 4221 l.
2198 4182 2267 4221 m.
2302 4169 2344 4221 2
2541 4168 2625 4221 est
2659 4181 2772 4220 mu·

511 4253 654 4307 neris
691 4252 747 4306 Β
