3380 4919
638 311 765 376 284
1612 307 1921 361 Saluiani

638 500 804 564 noxii
873 517 1057 580 quam
1127 499 1246 564 filii
1312 499 1502 563 nimis
1563 499 1774 563 amati.
1849 501 2000 563 dum
2055 498 2221 561 enim
2285 495 2383 561 illi
2442 497 2663 580 patriis
2718 499 2891 563 bonis

640 602 901 675 afluunt‚
964 605 1256 683 parentes
1315 603 1384 668 in
1428 601 1929 684 sempiternitate
1993 600 2367 665 cruciantur.
2445 599 2695 664 etiamsi
2758 601 2894 665 tam

639 707 776 787 pius
836 705 921 768 sit
978 704 1166 781 filius,
1233 707 1308 770 ut
1364 705 1774 789 refrigerandi
1828 703 2124 785 supplicii
2184 702 2432 784 paterni
2477 704 2679 785 gratia
2724 722 2896 768 com-

634 807 954 873 municare
1013 826 1153 873 cum
1200 812 1376 886 patre
1427 810 1642 888 postea
1685 806 1850 871 bona
1892 806 2114 871 relicta
2158 807 2388 887 cupiat,
2452 825 2574 871 non
2621 806 2891 871 ualebit:

637 912 892 976 reddere
959 911 1265 992 siquidem
1332 912 1472 992 post
1530 912 1799 975 mortem
1858 909 2023 992 patri
2087 912 2287 991 pietas
2332 909 2450 975 filii
2495 928 2617 974 non
2661 910 2893 992 poterit
2936 937 2962 978 5

535 1020 620 1086 46
639 1017 798 1096 quod
842 1014 1176 1097 unicuique
1220 1014 1538 1080 indeuotio
1580 1033 1694 1079 sua
1738 1015 1803 1078 et
1845 1013 2179 1080 infidelitas
2226 1013 2572 1096 denegarit.
2632 1013 2896 1094 ideoque

640 1118 811 1183 iuxta
856 1118 1210 1199 apostolum
1255 1136 1415 1182 unus
1454 1117 1716 1199 quisque
1761 1117 2040 1183 sarcinas
2071 1134 2216 1182 suas
2247 1117 2497 1199 cogitet,
2545 1115 2693 1197 quia
2737 1134 2897 1180 unus

639 1221 900 1302 quisque
975 1219 1298 1287 hominum
1365 1238 1480 1285 sua
1554 1238 1745 1285 onera
1809 1219 2110 1302 portabit.
2184 1219 2473 1285 flammae
2540 1219 2898 1285 infelicium

639 1325 1027 1387 mortuorum
1087 1324 1329 1392 diuitiis
1390 1342 1511 1389 non
1565 1324 2015 1406 refrigerantur
2059 1325 2375 1389 heredum.
2452 1323 2628 1388 diues
2674 1325 2785 1390 ille
2827 1325 2897 1389 in

643 1427 985 1510 euangelio,
1031 1429 1137 1510 qui
1179 1446 1456 1510 purpura
1498 1427 1877 1493 induebatur
1920 1430 1985 1493 et
2028 1427 2231 1511 bysso,
2275 1431 2510 1511 absque
2555 1427 2746 1493 dubio
2792 1429 2897 1511 qui
2915 1456 2966 1495 10

639 1529 915 1611 locuples
962 1530 1026 1596 in
1072 1530 1187 1595 hoc
1231 1531 1476 1596 saeculo
1519 1531 1649 1612 ipse
1696 1531 1922 1609 fuerat,
1968 1531 2164 1596 etiam
2206 1532 2463 1597 heredes
2505 1550 2651 1597 suos
2696 1533 2896 1597 morte

639 1631 889 1698 ditarat.
979 1633 1086 1697 sed
1155 1649 1545 1715 nequaquam
1609 1633 1728 1699 hoc
1792 1632 1854 1698 ei
1919 1633 2244 1715 proderat,
2311 1637 2472 1716 quod
2539 1635 2759 1716 opibus
2825 1653 2898 1700 ac

640 1736 899 1801 talentis
944 1735 1078 1800 eius
1122 1736 1404 1818 germani
1448 1734 1679 1800 diuites
1724 1735 2124 1818 incubabant,
2172 1740 2235 1801 et
2279 1737 2388 1801 ille
2419 1738 2670 1820 guttam
2714 1737 2894 1802 refri-

640 1838 800 1921 gerii
843 1839 1157 1920 inpetrare
1204 1857 1326 1902 non
1372 1840 1636 1921 poterat.
1713 1839 1811 1903 illi
1870 1845 2047 1904 erant
2090 1838 2159 1904 in
2204 1838 2591 1905 abundantia
2634 1841 2744 1905 sed
2784 1839 2896 1904 ille

639 1943 706 2005 in
751 1941 1047 2025 egestate,
1108 1941 1203 2005 illi
1250 1940 1316 2004 in
1360 1941 1779 2024 gratulatione
1838 1943 1947 2006 sed
1990 1941 2100 2005 ille
2145 1943 2208 2006 in
2255 1944 2485 2022 dolore,
2547 1942 2646 2008 illi
2690 1944 2754 2008 in
2799 1942 2897 2006 di·-
2918 1969 2971 2010 ιε

641 2043 818 2109 uitiis
861 2043 972 2107 sed
1017 2043 1126 2108 ille
1168 2043 1236 2107 in
1282 2044 1628 2125 tormentis,
1674 2044 1774 2109 illi
1818 2045 2086 2110 fortasse
2129 2044 2361 2128 iugiter
2391 2047 2460 2111 in
2504 2044 2749 2111 luxuria
2792 2044 2900 2109 sed

516 2147 748 2217 *471110
795 2164 1038 2230 semper
1081 2146 1149 2212 in
1194 2147 1468 2213 flamma.
1515 2166 1551 2212 o
1596 2148 1815 2214 infelix
1860 2150 1923 2213 et
1966 2150 2321 2215 miseranda
2363 2149 2670 2214 condicio!
2726 2148 2903 2213 bonis

642 2250 772 2316 suis
838 2250 978 2317 aliis
1046 2253 1446 2333 praepararat
1511 2251 1972 2318 beatitudinem
2038 2252 2160 2317 sibi
2226 2252 2687 2328 adflictionem,
2763 2250 2903 2316 aliis

642 2356 871 2438 gaudia
938 2355 1057 2420 sibi
1124 2352 1440 2434 lacrimaS,
1511 2355 1653 2421 aliis
1720 2355 2112 2436 uoluptatem
2179 2355 2431 2420 breuem
2500 2356 2622 2421 sibi
2686 2355 2903 2438 ignem

640 2476 994 2540 perennem.
1071 2456 1185 2523 ubi
1230 2461 1411 2524 erant
1454 2461 1605 2523 tunc
1647 2456 1885 2523 adfines
1930 2457 2043 2525 ubi
2086 2462 2436 2544 propinqui,
2489 2462 2589 2525 ubi
2620 2459 2725 2524 uel
2763 2457 2974 2536 filii‚2o

644 2562 695 2626 si
741 2562 1069 2640 habuerat,
1136 2562 1245 2626 uel
1303 2562 1601 2646 germani,
1673 2580 1939 2644 quorum
2002 2565 2372 2629 meminerat
2425 2567 2490 2626 et
2536 2580 2689 2643 quos
2736 2562 2903 2627 certe

642 2667 822 2729 tanto
881 2681 1090 2730 amore
1149 2664 1466 2742 dilexerat,
1524 2668 1597 2729 ut
1654 2684 1869 2733 eorum
1914 2685 1990 2731 ne
2033 2666 2100 2730 in
2147 2666 2452 2748 supplicio
2497 2666 2744 2747 quidem
2792 2680 2904 2744 po-

643 2768 801 2831 situs
864 2766 1338 2832 obliuisceretur
1357 2771 1389 2832 ‘1’
1459 2769 1609 2852 quid
1668 2770 1727 2832 ei
1786 2773 2116 2849 proderant
2162 2771 2309 2851 quid
2356 2768 2904 2851 suffragabantur?

540 2871 625 2939 48
643 2871 1051 2951 torquebatur
1109 2870 1328 2936 infelix
1373 2875 1438 2936 et
1483 2890 1626 2954 opes
1670 2889 1817 2937 suas
1866 2871 2004 2936 aliis
2047 2872 2495 2938 deuorantibus
2556 2871 2665 2936 ille
2723 2870 2905 2936 refri-

644 2974 803 3058 gerii
846 2973 1096 3056 guttam
1142 2973 1360 3038 ardens
1405 2974 1660 3057 petebat
1705 2977 1769 3039 et
1813 2974 2126 3057 inpetrare
2160 2992 2284 3040 non
2329 2976 2593 3056 poterat.
2660 2977 2723 3039 et
2767 2972 2900 3050 hoc,
2923 3004 2974 3046 25

646 3074 896 3157 siquid
938 3073 1083 3139 addi
1113 3075 1192 3139 ad
1220 3093 1485 3159 poenam
1518 3081 1744 3158 potest,
1790 3097 1901 3160 per
1931 3077 2111 3142 illum
2145 3078 2267 3142 sibi
2298 3077 2495 3144 tribui
2523 3077 2904 3161 postulabat,

647 3195 832 3259 quem
874 3175 1203 3259 aliquando
1248 3179 1724 3263 contempserat,
1771 3201 1882 3264 per
1925 3181 2128 3262 illum,
2174 3182 2281 3265 qui
2325 3183 2390 3246 in
2435 3200 2589 3264 pure
2621 3187 2693 3246 'ac
2736 3182 2907 3246 sanie

648 3281 1112 3363 conputruerat,
1171 3301 1282 3365 per
1336 3283 1540 3363 illum,
1599 3286 1776 3367 cuius
1836 3284 2134 3350 faetorem
2193 3303 2264 3350 ac
2320 3285 2672 3367 squalorem
2723 3284 2908 3367 longe

852 3467 885 3520 9
931 3467 1057 3522 Luc.
1098 3469 1163 3522 16

753 3638 780 3690 1
829 3636 958 3690 filiis
1007 3637 1062 3691 Β
1268 3638 1462 3707 patriis
1509 3654 1577 3694 ox
1622 3640 1793 3707 patris
1837 3654 1979 3693 corr.
2025 3655 2094 3693 m.
2129 3643 2166 3694 2
2210 3640 2266 3694 A
2470 3639 2503 3693 2
2548 3640 2756 3694 aflnunt
2789 3638 2908 3706 (sic)

647 3721 763 3777 AB
797 3724 866 3790 ef.
903 3730 951 3788 9,
988 3726 1062 3777 50
1097 3729 1150 3778 ct
1189 3723 1273 3777 II
1300 3728 1372 3780 48
1408 3768 1413 3774 .
1577 3725 1933 3794 sempiternus
1969 3729 2025 3779 te
2058 3726 2115 3779 B
2322 3726 2354 3780 7
2390 3741 2583 3794 unusq;
2619 3741 2661 3779 s·
2698 3740 2800 3780 scr.
2835 3740 2909 3778 m.

647 3811 690 3863 2
723 3808 815 3863 wel
849 3814 879 3862 1
927 3810 1047 3878 quis
1100 3810 1156 3864 A
1377 3809 1444 3865 14
1494 3810 1582 3865 illi
1634 3812 1794 3865 erant
1843 3827 1916 3865 ex
1970 3812 2065 3865 ille
2119 3814 2276 3867 erant
2328 3825 2465 3867 corr.
2520 3827 2589 3865 m.
2625 3814 2666 3865 2
2716 3811 2772 3864 A

650 3894 718 3947 16
753 3894 951 3947 loxoria
985 3895 1041 3947 A
1237 3896 1302 3950 17
1339 3896 1386 3949 ἃ.
1418 3912 1462 3949 s.
1496 3911 1600 3951 scr.
1638 3911 1707 3950 m.
1731 3900 1768 3951 2
1819 3910 1883 3950 ac
1916 3896 1972 3950 A
2025 3911 2087 3950 ac
2120 3896 2447 3950 BHalmius
2654 3896 2724 3949 18
2757 3908 2908 3965 prae·

649 3983 804 4048 parat
837 3980 893 4033 Β
943 3981 1284 4049 praeparauit
1307 3983 1450 4049 (cum
1472 3982 1528 4050 b)
1552 3982 1637 4036 ed.
1662 3981 1940 4037 Baluziws
2143 3982 2214 4037 20
2246 3984 2402 4036 erant
2427 3996 2496 4036 em
2518 3985 2634 4036 erat
2668 3996 2809 4037 corr.
2834 3997 2906 4035 m.

647 4068 684 4119 2
719 4066 775 4120 A
979 4066 1167 4121 affines
1217 4083 1287 4122 ew
1333 4068 1532 4122 adfines
1578 4083 1719 4123 corr.
1754 4085 1825 4124 m.
1861 4070 1903 4122 2
1947 4068 2057 4122 AB
2260 4067 2324 4122 21
2375 4068 2442 4137 si]
2479 4067 2586 4122 sibi
2620 4083 2660 4125 s,
2696 4083 2801 4123 scr.
2836 4083 2907 4120 m.

648 4154 690 4206 2
744 4167 876 4221 qnos
929 4152 985 4206 B
1038 4152 1170 4222 quos
1222 4153 1307 4211 cd.
1359 4154 1641 4209 Balanitae
1697 4154 1765 4221 (si
1820 4170 1949 4223 quos
2003 4154 2125 4222 alii)
2332 4154 2402 4210 25
2452 4157 2507 4207 et
2558 4169 2659 4208 om.
2715 4154 2771 4207 B

648 4239 716 4294 27
752 4255 881 4308 pure
914 4254 954 4294 8.
992 4254 1097 4292 scr.
1135 4255 1206 4297 m.
1240 4243 1277 4294 2
1329 4242 1415 4293 lue
1449 4241 1503 4306 (i.
1540 4252 1584 4293 e.
1610 4240 1860 4307 puluere)
1895 4241 1948 4293 A
2156 4237 2225 4293 28
2259 4240 2372 4293 cius
2408 4240 2527 4309 (sic)
2562 4239 2618 4293 A
