3380 4919
1083 310 1161 365 ad
1197 311 1552 368 ecclesiam
1602 312 1692 366 111
1730 315 1761 376 ξ
1796 311 2015 367 57-61.
2550 317 2681 383 289

420 523 582 587 mur,
626 505 828 570 morte
872 502 1407 586 adpropinquante
1450 500 1612 568 filios
1655 520 1782 567 non
1816 503 2069 579 habent,
2118 505 2428 584 quaerunt
2458 504 2678 570 infide-

420 607 664 673 lissime
722 624 873 690 quos
931 607 1043 672 aut
1098 607 1473 690 propinquos
1518 609 1629 672 aut
1674 605 1911 672 adfines
1957 623 2103 671 suos
2150 607 2384 685 dicant,
2441 607 2573 685 aut,
2619 607 2678 671 si

421 711 487 787 id
536 711 696 775 forte
741 711 932 788 deest,
981 710 1291 793 quaerunt
1321 709 1537 777 saltim
1568 710 1778 791 aliqua
1806 726 2109 775 nouarum
2141 709 2679 775 necessitudinum

421 814 567 881 ficta
612 812 880 877 nomina.
958 830 1073 876 nec
1125 812 1407 891 interest,
1463 815 1535 877 ut
1584 811 1729 896 dixi,
1788 816 1949 895 apud
1998 831 2099 878 eos
2144 831 2406 895 quorum
2452 815 2676 879 memi-

377 916 648 997 snerint,
705 917 1037 981 dummodo
1081 914 1180 980 sui
1224 913 1715 981 obliuiscantur:
1776 933 1898 980 non
1955 916 2219 981 interest
2267 934 2421 999 quos
2465 937 2676 983 amare

421 1037 487 1083 se
541 1018 772 1097 dicant,
832 1018 1164 1083 dummodo
1220 1017 1458 1085 animas
1516 1036 1658 1083 suas
1715 1017 1981 1094 oderint,
2038 1037 2155 1083 nec
2211 1020 2481 1085 interest
2523 1040 2676 1104 quos

421 1122 647 1189 diuites
704 1121 958 1204 faciant,
1017 1122 1352 1187 dummodo
1399 1140 1465 1186 se
1511 1121 1767 1187 aeterna
1822 1122 2225 1188 mendicitate
2283 1126 2675 1190 consumant.

504 1243 719 1308 XIIII.
782 1240 832 1305 Ο
877 1242 1214 1306 infelicitas
1261 1259 1296 1306 o
1339 1240 1613 1307 insania!
1683 1241 1834 1323 quid
1877 1243 2148 1321 tantum,
2194 1261 2441 1325 quaese,
2488 1248 2562 1311 de
2611 1264 2677 1312 se
2695 1251 2781 1320 59

418 1344 753 1410 miserrimi
798 1346 1078 1411 omnium
1121 1345 1285 1410 male
1330 1350 1824 1428 promeruerunt,
1871 1348 1943 1410 ut
1973 1345 2123 1410 dum
2156 1348 2419 1412 aliorum
2450 1351 2677 1433 uolup-

350 1480 402 1519 ιο
418 1450 658 1515 tatibus
725 1450 1028 1525 seruiunt,
1097 1468 1161 1514 se
1225 1453 1521 1532 perpetuo
1586 1451 2065 1531 persequantur!
2141 1449 2353 1516 uideas
2415 1455 2580 1518 enim
2639 1472 2677 1519 a

421 1553 791 1635 quibusdam
836 1552 1264 1618 infelicissima
1309 1553 1592 1618 uanitate
1638 1553 2011 1636 inuestigari
2046 1554 2342 1636 quosdam
2375 1575 2567 1622 nouos
2603 1576 2677 1621 ac

420 1656 659 1720 nobiles
702 1656 1096 1739 propinquos,
1156 1657 1366 1721 uideas
1423 1656 1883 1738 incognitarum
1931 1655 2340 1739 agnationum
2387 1660 2677 1739 pudenda

421 1761 675 1825 nomina
734 1762 796 1825 et
853 1760 1192 1825 recentium
1253 1778 1325 1824 ac
1369 1760 1872 1841 praepotentium
1939 1758 2340 1825 adfinitatum
2408 1763 2677 1830 ridicula

421 1870 789 1943 commenta,
857 1885 1000 1931 cum
1065 1866 1236 1930 dicat
1303 1863 1440 1947 quis
1486 1864 1562 1928 de
1617 1863 1827 1946 aliquo
1886 1864 2181 1946 adoptiuo
2229 1883 2300 1929 ac
2344 1866 2676 1933 subitaneo

351 1968 793 2051 1⁵p1·opinquo:
861 1969 1045 2033 illum
1099 1968 1395 2033 heredem
1438 1967 1601 2032 facio
1647 1970 1967 2049 parentem
2013 1986 2257 2032 meum:
2328 1972 2436 2033 aut
2484 1989 2673 2052 quae-

421 2091 682 2153 cumque
726 2072 974 2136 sanctae
1017 2070 1414 2152 professionis
1469 2070 1660 2134 uidua
1704 2068 1808 2133 uel
1850 2071 2097 2153 puella:
2158 2072 2339 2136 illum
2385 2071 2676 2138 heredem

420 2176 622 2240 scribo
687 2175 1041 2258 proximum
1103 2192 1334 2237 meum.
1409 2191 1480 2238 ac
1539 2173 1631 2236 sic
1693 2173 1947 2254 quidam
2012 2191 2183 2254 quos·
2212 2175 2276 2237 in
2323 2174 2492 2238 omni
2536 2176 2675 2240 uita

420 2279 597 2360 quasi
652 2280 972 2343 extraneos
1035 2278 1388 2358 alienosque
1432 2276 1782 2342 habuerant
1825 2275 2032 2342 subito
2077 2277 2145 2340 in
2190 2277 2483 2342 extremis
2526 2298 2673 2360 pro-

418 2382 680 2465 pinquos
738 2381 991 2455 habent,
1051 2382 1114 2445 et
1170 2381 1277 2464 qui
1323 2380 1601 2443 extranei
1645 2396 1889 2459 semper
1933 2378 2107 2443 fuere
2152 2380 2513 2446 uiuentium
2554 2401 2669 2465 pa-

349 2517 401 2556 20
418 2486 627 2550 rentes
684 2504 816 2552 esse
872 2485 1182 2567 incipiunt
1241 2485 1642 2548 mortuorum.
1720 2482 2127 2548 introducunt
2185 2484 2352 2548 enim
2416 2490 2671 2567 repente
2692 2485 2808 2556 60⁷

416 2589 483 2653 in
529 2589 982 2654 testamentum
1040 2605 1193 2669 quos
1252 2604 1592 2668 numquam
1651 2586 2045 2651 introduxere
2107 2585 2174 2650 in
2226 2586 2543 2667 affectum,
2608 2593 2672 2653 et

418 2691 535 2756 hoc
579 2694 865 2771 maxime,
911 2693 983 2756 ut
1026 2691 1172 2768 dixi,
1221 2693 1330 2758 aut
1373 2689 1716 2773 locupletes
1759 2691 1868 2754 aut
1912 2689 2151 2755 nobiles
2184 2693 2295 2755 aut
2340 2691 2670 2759 honoratos

418 2799 482 2859 et
528 2798 632 2876 qui
692 2795 814 2860 nisi
879 2796 1161 2877 potentes
1231 2798 1454 2875 essent,
1524 2797 1808 2876 parentes
1877 2794 2137 2858 forsitan
2205 2812 2319 2859 non
2378 2796 2668 2863 fuissent.

417 2898 683 2964 ridicula
723 2900 934 2963 miseri
978 2897 1293 2963 testatoris
1336 2898 1616 2979 ambitio,
1662 2899 1817 2963 dans
1863 2915 2115 2962 censum
2143 2899 2426 2981 propriae
2471 2900 2671 2966 facul-

347 3002 568 3072 astatis
613 3002 693 3066 ad
737 3003 1197 3084 conparandum
1242 3000 1637 3066 mendacium
1675 3001 2177 3083 propinquitatiS,
2227 3021 2434 3067 emens
2464 3004 2667 3087 pretio

418 3104 782 3170 hereditatis
839 3122 1063 3169 nomen
1119 3104 1359 3169 heredis
1403 3103 1467 3168 et
1508 3103 1659 3168 totis
1717 3104 2078 3186 patrimonii
2124 3107 2219 3170 sui
2263 3105 2506 3172 uiribus
2551 3107 2671 3173 hoc

416 3208 753 3291 elaborans,
811 3227 888 3272 ne
935 3227 1001 3272 se
1043 3207 1172 3283 ille,
1235 3207 1343 3289 qui
1385 3207 1567 3271 heres
1611 3206 1925 3289 scribitur,
1984 3212 2309 3289 parentem
2355 3213 2557 3293 neget,
2605 3214 2670 3275 et

414 3316 489 3377 ut
543 3313 808 3378 testator
873 3311 1343 3377 infelicissimus
1406 3310 1784 3377 stultissima
1842 3330 1914 3376 ac
1975 3311 2325 3376 miserrima
2385 3312 2668 3376 uanitate

416 3414 581 3479 facto
640 3416 860 3479 herede
921 3414 1133 3496 nobili,
1198 3417 1303 3496 qui
1347 3415 1409 3479 in
1454 3412 1587 3478 uita
1645 3431 1759 3479 sua
1802 3413 2101 3478 humilior
2144 3433 2279 3479 esse
2324 3416 2498 3479 uisus
2546 3417 2663 3491 est,

343 3515 771 3586 cohonoratior
836 3517 905 3581 in
969 3519 1169 3582 morte
1236 3535 1366 3582 esse
1443 3515 1750 3581 uideatur.
1850 3534 1884 3579 o
1952 3517 2220 3581 caecitas
2286 3534 2320 3579 o
2387 3516 2663 3583 insania!
2684 3513 2767 3579 61

519 3739 546 3790 l
602 3737 1004 3792 infidelissimae
1054 3739 1165 3792 AB
1371 3738 1406 3791 2
1457 3736 1648 3790 affines
1702 3752 1769 3791 ex
1821 3736 2021 3791 adfines
2074 3753 2215 3791 corr.
2269 3754 2340 3793 m.
2376 3740 2416 3792 2
2472 3738 2527 3791 Β

411 3823 446 3877 3
482 3824 937 3877 necessitudinum
975 3839 1042 3877 ea:
1079 3839 1223 3876 -nem
1261 3839 1397 3877 corr.
1434 3840 1502 3877 m.
1539 3826 1580 3877 2
1615 3823 1670 3876 Β
1876 3823 1909 3876 6
1953 3838 2050 3877 nec
2084 3824 2166 3877 A:
2219 3839 2328 3878 non
2367 3824 2422 3877 Β
2456 3830 2508 3878 et
2543 3840 2664 3879 cum

413 3908 537 3965 edd.
593 3909 858 3964 Halmius
1063 3910 1098 3963 8
1149 3909 1430 3962 infilicitas
1483 3909 1538 3962 A
1747 3908 1984 3977 tantum]
2038 3908 2255 3961 tandem
2308 3908 2665 3964 FXHirner

412 3999 550 4054 com'.
586 3997 652 4052 in
684 4012 952 4067 proyram.
994 3996 1371 4065 Freisinyemi
1405 4012 1458 4050 a.
1483 3999 1626 4050 1869
1640 4012 1701 4064 p.
1727 3999 1799 4049 15
1997 3994 2063 4048 10
2098 3997 2447 4064 persequatur
2482 4013 2525 4051 s.
2560 4013 2661 4052 scr.

412 4101 448 4138 n
480 4100 550 4138 m.
577 4086 615 4138 2
648 4083 705 4136 A
876 4083 943 4135 13
978 4082 1206 4136 rectium
1243 4081 1298 4134 Β
1475 4082 1544 4137 15
1577 4081 1694 4151 aut]
1732 4083 1792 4134 at
1825 4081 1880 4134 Β
2052 4080 2120 4134 22
2154 4081 2438 4152 locopletes
2472 4083 2526 4136 A

411 4170 481 4223 23
531 4161 724 4222 'forsita
774 4169 831 4222 A
1036 4167 1105 4221 25
1157 4167 1361 4236 praetio
1412 4170 1468 4221 A
1671 4167 1741 4220 28
1795 4166 2181 4221 infilicissimus
2232 4167 2286 4220 A
2330 4169 2461 4223 item
2487 4171 2665 4238 paulo
2767 4235 2775 4245 ἱ

408 4261 533 4324 post
737 4254 805 4308 29
841 4254 952 4323 qui]
993 4255 1116 4322 quia
1154 4259 1298 4321 (cum
1332 4255 1384 4322 b)
1423 4254 1505 4309 ed.
1543 4254 1816 4309 Baluziue
2021 4254 2092 4309 30
2126 4254 2324 4309 cecitas
2358 4255 2472 4309 AB
2771 4253 2783 4260 ’

511 4358 664 4413 VIII.
2395 4360 2459 4411 19
