3380 4919
665 311 786 376 186
1278 320 1285 329 ’
1627 305 1938 359 Saluiani

661 497 907 563 utinam
953 497 1052 562 illi
1096 498 1365 572 tantum,
1413 494 1516 575 qui
1564 494 1629 556 in
1675 495 1983 574 potestate
2028 491 2172 555 sunt
2217 491 2406 574 positi
2453 492 2516 555 et
2555 491 2774 574 quibus
2819 493 2917 558 ius

663 602 1136 665 exercendorum
1182 597 1654 662 latrociniorum
1699 598 1887 661 honor
1933 595 2063 678 ipse
2107 595 2405 677 largitur:
2464 594 2625 659 illud
2664 597 2915 679 grauius

663 723 735 768 ac
778 704 977 787 magis
1021 699 1434 779 intolerabile,
1483 703 1643 783 quod
1688 700 1805 764 hoc
1833 699 2075 763 faciunt
2120 699 2183 762 et
2226 698 2477 783 priuati,
2525 697 2726 762 isdem
2770 704 2916 766 ante

662 806 996 870 honoribus
1038 802 1264 869 functi.
1336 806 1587 868 tantum
1632 803 1721 867 eis
1765 801 2056 885 indeptus
2101 803 2295 866 semel
2338 803 2530 866 honor
2576 801 2686 867 dat
2729 802 2916 868 bene-

659 907 829 987 ficii,
864 911 936 972 ut
998 925 1241 988 semper
1297 906 1573 971 habeant
1629 905 1727 969 ius
1783 904 2217 969 latrocinandi.
2293 905 2445 970 adeo
2506 906 2714 989 etiam,
2775 925 2919 970 cum
2960 926 2988 967 ⁵

662 1010 1020 1077 destiterint
1079 1010 1158 1074 ad
1217 1009 1789 1073 administrandum
1857 1008 2236 1088 potestatem
2300 1006 2530 1072 habere
2585 1010 2916 1093 publicam,

659 1134 783 1179 non
830 1114 1117 1179 desinunt
1161 1117 1377 1177 tamen
1422 1113 1497 1175 ad
1545 1111 2040 1176 latrocinandum
2093 1111 2474 1191 potestatem
2520 1111 2742 1176 habere
2786 1114 2918 1195 pri-

661 1221 890 1295 uatam,
934 1216 1011 1282 'ac
1056 1218 1143 1281 sic
1188 1214 1383 1279 leuior
1428 1217 1523 1278 est
1568 1214 1842 1297 potestas
1886 1213 1999 1278 illa
2031 1231 2219 1296 quam
2267 1213 2619 1279 habuerunt
2660 1217 2915 1296 iudiceS,

663 1341 849 1405 quam
895 1321 1047 1385 haec
1093 1337 1277 1403 quam
1324 1317 1560 1399 priuati
1604 1316 1867 1400 habent3
1915 1317 1984 1380 in
2028 1317 2140 1381 illa
2171 1317 2339 1381 enim
2370 1318 2459 1382 eis
2491 1336 2669 1400 saepe
2705 1337 2917 1383 succe-

559 1419 641 1485 93
662 1424 848 1506 ditur,
917 1424 983 1487 in
1045 1423 1161 1487 hac
1216 1439 1576 1502 numquam.
1654 1438 1796 1484 ecce
1855 1418 2003 1502 quid
2072 1420 2322 1485 ualeant
2380 1423 2624 1486 statuta
2665 1423 2913 1505 legum,
2937 1445 2987 1484 ιο

663 1547 798 1593 ecce
867 1526 1015 1608 quid
1081 1524 1324 1607 proficit
1392 1523 1674 1588 definitio
1744 1521 2151 1601 sanctionum,
2229 1541 2383 1605 quae
2449 1522 2546 1589 illi
2615 1527 2916 1607 spernunt

661 1632 929 1695 maxime
978 1630 1081 1712 qui
1126 1627 1504 1691 ministrant.
1566 1645 1711 1690 sane
1741 1629 1817 1690 ad
1863 1628 2203 1708 parendum
2247 1628 2517 1691 humiles
2564 1628 2915 1711 abiectique

664 1734 992 1816 coguntur,
1039 1731 1494 1813 compelluntur
1536 1729 1725 1793 iussis
1771 1728 2206 1810 obtemperare
2252 1731 2633 1812 pauperculi,
2683 1735 2745 1795 et
2790 1731 2910 1797 nisi

663 1834 1246 1916 obtemperauerint,
1293 1831 1656 1915 puniuntur.
1735 1833 1996 1896 eandem
2041 1833 2206 1897 enim
2251 1835 2317 1897 in
2360 1834 2477 1899 hac
2517 1853 2583 1898 re
2610 1833 2915 1900 rationem

660 1934 895 2003 haberit
951 1954 1138 2019 quam
1198 1936 1263 1999 in
1307 1935 1596 2000 tributis:
1665 1935 1784 1999 soli
1828 1935 2014 2000 iussis
2063 1936 2333 2016 publicis
2390 1937 2694 2013 seruiunt,
2753 1937 2914 2002 sicut
2934 1962 2984 2002 ιε

661 2040 781 2105 soli
837 2039 1074 2104 tributa
1130 2040 1400 2103 soluunt.
1475 2055 1548 2102 ac
1594 2037 1683 2102 sic
1727 2039 1791 2102 in
1853 2037 2007 2120 ipsis
2054 2040 2297 2121 legibus
2344 2041 2408 2104 et
2452 2040 2517 2104 in
2561 2041 2701 2124 ipsa
2747 2042 2915 2108 iusta

661 2163 869 2209 rerum
925 2143 1353 2225 praeceptione
1410 2141 1753 2206 maximum
1810 2142 2160 2206 iniustitiae
2218 2144 2420 2207 scelus
2482 2144 2709 2225 agitur,
2771 2150 2915 2208 cum

661 2267 732 2312 ea
777 2248 1043 2314 minores
1101 2247 1274 2329 quasi
1319 2263 1496 2310 sacra
1543 2249 1871 2311 obseruare
1914 2248 2235 2330 cogantur,
2297 2264 2457 2329 quae
2504 2247 2769 2313 maiores
2816 2250 2913 2312 iu-

661 2351 827 2436 giter
873 2350 1053 2433 quasi
1099 2349 1274 2414 nulla
1321 2348 1703 2415 conculcant.

557 2472 641 2540 94
745 2472 948 2537 XXII.
1017 2470 1264 2535 Excessi
1321 2462 1636 2553 paulisper
1692 2472 1982 2553 coeptum
2038 2473 2337 2535 sermonis
2383 2473 2662 2536 ordinem
2707 2493 2984 2538 rerumzo

660 2573 1038 2657 indignitate
1086 2574 1468 2654 compulsus:
1517 2591 1681 2638 nunc
1729 2573 1806 2638 ad
1853 2575 2167 2656 superiora
2211 2576 2563 2640 redeamus
2644 2577 2913 2642 diximus

661 2677 884 2760 quippe
929 2677 1140 2758 plenas
1179 2676 1372 2741 fuisse
1400 2677 1871 2760 impuritatibus
1903 2681 2310 2743 monstruosis
2342 2678 2589 2744 Africae
2623 2680 2911 2745 ciuitates

663 2783 725 2844 et
768 2779 1096 2862 praecipue
1140 2779 1272 2842 illic
1314 2778 1594 2862 reginam
1640 2784 1702 2843 et
1735 2780 1913 2861 quasi
1946 2780 2285 2858 dominam,
2329 2782 2667 2847 Wandalos
2701 2784 2912 2847 autem

662 2882 759 2947 his
805 2882 1091 2945 omnibus
1137 2900 1257 2945 non
1305 2882 1494 2946 fuisse
1539 2883 1834 2966 pollutos,
1911 2900 2032 2948 non
2076 2886 2238 2949 tales
2285 2903 2432 2969 ergo
2477 2887 2603 2968 isti,
2651 2887 2725 2950 de
2772 2887 2912 2968 qui-

659 2986 774 3049 bus
808 2984 1139 3065 loquimur,
1185 2984 1438 3049 barbari
1470 2985 1549 3050 ad
1581 2989 2028 3052 emendandam
2060 2992 2416 3053 nostrarum
2450 2989 2911 3071 turpitudinum
2930 3012 2981 3053 25

660 3088 866 3152 labem
934 3087 1292 3152 extiterunt.
1380 3088 1773 3153 abstulerunt
1842 3089 2007 3154 enim
2076 3091 2151 3155 de
2218 3092 2389 3155 omni
2456 3091 2710 3157 Africae
2779 3093 2909 3157 loco

662 3193 866 3255 sordes
910 3180 1205 3255 uirorum
1233 3189 1555 3270 mollium,
1605 3192 2008 3274 contagiones
2055 3195 2245 3258 etiam
2289 3195 2581 3259 horruere
2625 3195 2910 3260 meretri-

663 3312 842 3377 cum,
898 3311 1015 3358 nec
1070 3294 1444 3378 horruerunt
1504 3295 1757 3359 tantum
1816 3297 1927 3360 aut
1989 3296 2361 3379 temporarie
2419 3300 2909 3376 summouerunt,

558 3399 642 3466 95
660 3398 767 3461 sed
811 3397 1057 3481 penitus
1100 3396 1228 3462 iam
1273 3417 1396 3463 non
1441 3416 1573 3463 esse
1621 3398 1919 3463 fecerunt.
1986 3416 2021 3463 o
2065 3399 2167 3486 pie
2213 3399 2492 3465 domine!
2556 3420 2590 3466 o
2636 3402 2912 3467 saluator

660 3500 850 3565 bone!
921 3503 1223 3585 quantum
1260 3499 1564 3570 ¹efficiunt
1619 3520 1729 3583 per
1785 3504 1849 3566 te
1906 3502 2116 3567 studia
2172 3501 2554 3584 disciplinae,
2602 3523 2712 3587 per
2754 3523 2982 3586 quaeso

660 3605 892 3669 mutari
938 3604 1199 3685 possunt
1243 3602 1400 3668 uitia
1444 3607 1724 3682 naturae,
1777 3604 1951 3668 sicut
1995 3605 2071 3669 ab
2119 3605 2246 3669 illis
2291 3605 2535 3670 scilicet
2577 3606 2911 3672 immutata

761 3808 796 3860 3
838 3806 1047 3859 hisdem
1092 3807 1147 3860 A
1354 3809 1386 3861 6
1433 3808 1746 3863 destiterint
1780 3825 1847 3864 ex
1881 3809 2183 3864 distiterint
2233 3812 2289 3864 A
2323 3826 2461 3865 corr.
2499 3827 2567 3865 m.
2601 3815 2639 3867 2
2842 3812 2911 3865 ad

659 3908 757 3947 om.
815 3892 869 3945 Β
1070 3892 1337 3961 publicam
1352 3896 1750 3963 —potestatem
1793 3887 1992 3949 *habere
2037 3895 2092 3949 Β
2134 3897 2197 3950 in
2244 3913 2411 3967 mary.
2634 3898 2701 3950 12
2751 3914 2910 3965 quae·

656 3976 975 4031 ministrant
1000 3985 1195 4046 punct.
1232 3996 1294 4034 ae
1331 3987 1381 4035 et
1414 3997 1454 4037 s,
1480 3998 1583 4036 scr.
1622 3983 1642 4035 i
1677 3998 1747 4036 m.
1773 3984 1813 4035 2
1846 3982 1901 4035 A
2035 3965 2043 4004 ³
2092 3983 2157 4036 14
2192 3983 2247 4035 in
2272 3982 2371 4038 hac
2397 3983 2716 4038 creationem
2750 3983 2847 4038 sed
2882 3999 2910 4037 c

656 4064 806 4118 uocis
840 4067 1000 4119 creat.
1038 4081 1107 4120 ex
1134 4073 1301 4135 parte
1337 4084 1476 4123 eras.
1514 4073 1565 4123 et
1600 4084 1767 4137 super
1800 4076 1859 4122 at
1891 4084 1993 4122 scr.
2030 4085 2057 4123 c
2092 4086 2159 4123 m.
2196 4072 2236 4123 2
2270 4070 2339 4124 A‘
2532 4071 2599 4124 26
2645 4072 2759 4125 loco
2808 4084 2907 4125 om.

656 4150 711 4204 Β
913 4152 982 4207 28
1018 4151 1404 4207 submouerunt
1438 4154 1493 4208 Β
1532 4156 1604 4223 (et
1646 4155 1699 4208 T
1729 4158 1795 4209 ut
1823 4155 1998 4223 paulo
2020 4159 2164 4223 post)
2374 4156 2438 4210 31
2477 4160 2683 4210 mutare
2719 4158 2773 4210 A

657 4238 899 4307 naturae]
938 4237 1252 4306 disciplinae
1287 4239 1342 4292 Β
