3380 4919
1102 350 1175 405 de
1210 349 1479 420 gubern.
1518 348 1623 403 dei
1658 348 1780 404 1111
1816 353 1847 414 ἓ
1884 349 2104 403 69-75.
2649 353 2731 418 91

469 557 607 607 esse
673 543 782 607 sed
849 558 1069 605 sermo.
1148 558 1297 605 nam
1342 538 1409 603 in
1454 541 1707 604 tantum
1768 538 1934 622 apud
1992 538 2295 621 plurimos
2349 557 2577 605 nomen
2620 541 2734 607 hoc
2756 540 2839 607 72

468 642 650 727 parui
707 642 1020 726 penditur,
1085 642 1158 708 ut
1201 659 1550 723 numquam
1592 639 1802 706 minus
1846 638 2129 725 cogitent
2172 640 2496 724 quippiam
2537 640 2736 710 facere

469 764 658 831 quam
722 764 867 813 cum
923 766 990 812 se
1043 745 1256 811 iurant
1321 764 1430 828 per
1486 743 1809 811 Christum
1876 761 2009 809 esse
2076 743 2377 811 facturos.
2455 744 2519 810 et
2588 762 2733 811 cum

469 849 777 933 scriptum
820 849 933 914 sit:
980 867 1128 914 non
1172 847 1615 913 nominabis
1660 864 1937 912 nomen
1983 845 2275 912 domini
2322 847 2444 911 dei
2487 847 2607 914 tui
2650 849 2732 913 in

425 971 784 1031 suanum,
850 951 921 1016 in
977 950 1044 1016 id
1104 952 1455 1017 reuerentia
1501 948 1739 1015 Christi
1805 949 2064 1025 decidit,
2131 952 2206 1014 ut
2266 948 2432 1015 inter
2493 953 2733 1017 ceteras

470 1055 708 1122 saeculi
750 1055 1067 1121 uanitates
1111 1054 1274 1120 nihil
1320 1052 1446 1120 iam
1494 1072 1689 1137 paene
1732 1053 1957 1120 uanius
2004 1069 2196 1135 quam
2226 1052 2460 1120 Christi
2505 1071 2734 1121 nomen
2827 1054 2834 1063 '

471 1176 606 1224 esse
665 1159 974 1224 uideatur.
1050 1159 1315 1242 denique
1360 1158 1549 1221 multi
1592 1173 1716 1221 non
1762 1156 1995 1222 otiosas
2039 1157 2477 1224 tantummodo
2523 1176 2623 1223 res
2669 1160 2731 1223 et
2752 1158 2836 1224 '13

469 1260 665 1325 aniles
709 1261 816 1326 sed
861 1261 1055 1328 etiam
1099 1261 1359 1326 scelera
1383 1259 1689 1342 quaedam
1735 1278 1800 1323 se
1830 1259 2044 1324 iurant
2086 1279 2197 1341 per
2225 1259 2463 1326 Christi
2507 1278 2731 1327 nomen

471 1381 604 1430 esse
633 1364 925 1430 facturos.
970 1365 1075 1430 hic
1106 1364 1276 1430 enim
1305 1363 1601 1445 loquendi
1633 1380 1781 1427 usus
1814 1364 1907 1427 est
1937 1361 2208 1428 talibus:
2253 1362 2378 1444 ‘per
2408 1360 2733 1429 Christum

400 1488 454 1530 ιο
470 1467 616 1548 quia
646 1468 800 1533 tollo
830 1467 1033 1546 illud',
1063 1467 1194 1550 ‘per
1225 1464 1545 1531 Christum
1577 1464 1724 1548 quia
1756 1464 1941 1529 caedo
1972 1464 2195 1547 illum’,
2249 1465 2374 1547 ‘per
2410 1465 2731 1532 Christum

469 1571 614 1652 quia
657 1568 866 1636 occido
910 1569 1139 1636 illum'.
1216 1570 1296 1635 ad
1353 1569 1471 1634 h'oc
1526 1587 1625 1634 res
1682 1567 1924 1647 recidit,
1990 1570 2081 1649 ut,
2147 1586 2291 1633 cum
2336 1587 2446 1651 per
2490 1567 2732 1635 Christi

467 1691 693 1739 nomen
749 1673 1116 1757 iurauerint,
1183 1672 1409 1755 putent
1461 1689 1530 1737 se
1572 1673 1810 1738 seelera
1856 1670 2049 1737 etiam
2095 1671 2385 1755 religiose
2428 1671 2726 1739 facturos.

471 1775 739 1857 denique
785 1775 935 1859 quid
980 1776 1135 1841 mihi
1177 1776 1303 1859 ipsi
1332 1774 1613 1840 euenerit
1642 1775 1871 1840 dicam.
1917 1792 2059 1840 cum
2091 1774 2238 1839 ante
2267 1774 2731 1857 aliquantulum
2751 1770 2835 1837 74

468 1877 737 1960 tempuS‚
783 1880 989 1944 uictus
1020 1878 1348 1943 cuiusdam
1376 1877 1669 1962 pauperis
1709 1894 1909 1960 prece,
1955 1876 2447 1960 praepotentiori
2478 1879 2732 1946 cuidam

400 2000 453 2043 ιε
469 1980 909 2065 supplicarem,
955 1982 1281 2047 obsecrans
1327 2000 1407 2046 ne
1448 1981 1687 2047 homini
1732 1981 1961 2046 misero
2007 1984 2072 2045 et
2117 1980 2442 2062 egestuoso
2480 1999 2616 2047 rem
2660 1999 2732 2047 ac
2797 1990 2812 2009 ·‘

469 2083 891 2149 substantiam
935 2102 1117 2150 suam
1162 2083 1431 2167 tolleret,
1479 2102 1555 2147 ne
1599 2082 1957 2148 subsidium
2003 2085 2065 2147 et
2109 2084 2357 2166 stipem,
2404 2101 2524 2165 quo
2570 2102 2730 2165 pau-

468 2189 676 2269 pertas
718 2186 894 2253 illius
940 2187 1279 2271 nitebatur,
1341 2187 1635 2266 auferret,
1694 2188 1833 2250 tum
1877 2185 2007 2264 ille,
2058 2184 2165 2267 qui
2208 2187 2397 2251 rebus
2443 2186 2574 2251 eius
2618 2185 2730 2252 siti

467 2288 688 2354 rabida
750 2290 1102 2355 inhiauerat
1155 2307 1230 2354 ac
1283 2291 1582 2372 praedam
1648 2289 1777 2352 iam
1832 2306 1942 2369 spe
1988 2288 2051 2351 et
2099 2289 2436 2370 cupiditate
2501 2290 2729 2356 arden-

469 2391 718 2458 tissima
781 2394 1145 2478 deuorarat,
1210 2391 1548 2476 respiciens
1581 2409 1666 2456 ‘ac
1711 2390 1967 2458 uibrans
2012 2392 2080 2457 in
2125 2408 2192 2456 os
2237 2409 2451 2456 meum
2518 2392 2727 2458 truces

398 2518 453 2561 πο
469 2498 695 2571 oculos,
739 2499 960 2579 utpote
1003 2495 1113 2579 qui
1157 2495 1298 2561 tolli
1343 2495 1464 2561 sibi
1503 2512 1541 2559 a
1584 2512 1686 2559 me
1729 2496 1983 2577 putaret
2025 2494 2321 2577 quicquid
2364 2498 2496 2577 ipse
2544 2496 2727 2562 alteri

467 2617 591 2665 non
638 2600 924 2679 tulisset,
986 2617 1378 2682 nequaquam
1426 2598 1559 2680 hoc,
1622 2598 1785 2681 quod
1828 2600 2128 2680 peterem,
2173 2596 2310 2662 fieri
2355 2616 2394 2663 a
2435 2618 2503 2665 se
2546 2616 2726 2683 posse

465 2704 808 2785 respondit,
854 2706 1031 2786 quasi
1074 2720 1223 2767 uero
1266 2704 1442 2768 iussu
1487 2702 1600 2767 aut
1642 2700 1880 2783 scripto
1928 2701 1995 2766 id
2037 2718 2209 2766 sacro
2255 2700 2509 2781 faceret,
2563 2705 2726 2784 quod

465 2808 718 2888 penitus
778 2805 1115 2891 praeterire
1160 2825 1286 2871 non
1329 2809 1561 2889 posset.
1635 2824 1902 2888 cumque
1950 2822 2062 2888 ego
2109 2822 2395 2882 causam,
2440 2823 2565 2887 qua
2607 2805 2726 2871 hoc
2746 2800 2829 2868 75

465 2907 600 2976 fieri
642 2927 765 2978 non
809 2910 1066 2993 ualeret,
1113 2908 1508 2993 inquirerem,
1554 2909 1713 2975 dixit
1756 2927 1891 2975 rem
1935 2907 2467 2975 uiolentissimam
2511 2911 2576 2974 et
2621 2909 2724 2974 cui
2797 2917 2824 2932 '²

399 3029 451 3072 πο
468 3012 807 3081 contradici
872 3013 1121 3097 penitus
1179 3029 1302 3077 non
1363 3012 1648 3078 deberet:
1694 3002 1969 3090 ‘iuraui',
2012 3011 2252 3096 inquit,
2296 3005 2417 3076 ‘res
2463 3010 2639 3077 illius
2687 3029 2725 3076 a

669 3182 706 3235 4
737 3182 901 3237 Exod.
938 3182 1022 3246 20,
1061 3182 1092 3235 7
1172 3141 1177 3144 Α

532 3405 535 3408 ¹
570 3337 598 3391 1
637 3336 898 3408 plurimos
934 3353 1046 3392 esse
1079 3353 1271 3392 nomen
1308 3337 1364 3391 B
1569 3338 1603 3391 6
1646 3353 1809 3407 paene
1846 3339 1956 3392 iam
1992 3339 2048 3393 Β
2254 3339 2320 3393 10
2357 3338 2535 3407 caedo]
2575 3340 2728 3394 credo

465 3420 521 3475 A
726 3423 790 3477 11
840 3423 908 3478 ad
941 3423 1042 3478 hoc
1079 3439 1149 3478 eoe
1181 3422 1356 3477 adhuc
1391 3424 1447 3476 A
1483 3438 1621 3478 corr.
1658 3440 1728 3478 m.
1764 3425 1829 3490 2,
1885 3425 2016 3478 item
2055 3422 2251 3478 recidit
2287 3439 2357 3478 ex
2391 3423 2591 3479 recedit

467 3505 533 3561 12
581 3509 717 3577 puta
767 3508 824 3563 Β
1029 3524 1143 3564 esse
1194 3510 1434 3565 facturos
1488 3510 1544 3564 Β
1752 3509 1819 3563 14
1871 3516 1966 3579 pce
2012 3509 2133 3577 (sic)
2168 3510 2224 3563 A
2259 3509 2387 3564 add.
2425 3525 2495 3565 m.
2532 3513 2573 3564 2
2600 3517 2729 3580 post

463 3592 644 3647 uictus
851 3596 1270 3664 praepotentiori
1315 3610 1532 3650 eae-re
1580 3595 1639 3650 A
1674 3610 1817 3651 corr.
1853 3612 1921 3649 m.
1958 3598 1998 3651 2
2041 3596 2171 3651 item
2203 3596 2385 3651 statim
2419 3596 2625 3651 homini
2661 3613 2728 3653 ea:

463 3677 680 3735 homine
854 3681 919 3735 17
956 3681 1050 3737 ille
1085 3683 1180 3752 qui
1214 3682 1271 3737 Β
1304 3698 1348 3737 s.
1385 3682 1422 3739 l.
1542 3701 1549 3708 ·
1597 3681 1713 3736 eius
1747 3681 1906 3736 rebus
1940 3681 1997 3736 Β
2170 3681 2218 3735 si
2255 3681 2499 3751 dirapida
2534 3683 2590 3738 A

462 3764 533 3821 20
581 3765 841 3838 quicquid
891 3768 974 3821 At
1033 3767 1176 3838 quod
1227 3768 1284 3823 Β
1489 3769 1709 3838 putaret
1761 3783 1831 3823 ex
1883 3768 2120 3840 puderet
2165 3770 2219 3823 A
2264 3785 2408 3827 corr.
2442 3786 2509 3824 m.
2546 3773 2589 3825 2

462 3850 527 3908 21
568 3853 789 3908 tulisset
823 3853 880 3908 Β
916 3858 968 3909 et
990 3868 1129 3909 corr.
1166 3868 1234 3908 ex
1268 3855 1510 3910 tollisset
1545 3871 1614 3908 m.
1639 3856 1681 3908 2
1715 3853 1771 3908 A
1807 3853 1956 3923 (tolli
1993 3859 2044 3909 et
2078 3853 2305 3910 tulisset
2340 3856 2431 3912 hic
2453 3872 2553 3912 suo
2577 3872 2727 3912 more

463 3939 655 3995 lusisse
698 3940 1033 3995 Saluianum
1087 3941 1354 4009 putarim)
1409 3940 1646 3995 tollisset
1692 3949 1815 3995 cum
1860 3937 1998 3995 edd(
2028 3941 2291 3997 Halmius
2512 3941 2632 3997 fieri·
2673 3959 2727 3999 se

460 4024 519 4079 Β
708 4025 779 4081 23
811 4025 984 4095 possit
1017 4024 1073 4079 A
1264 4026 1384 4096 ego]
1424 4042 1549 4096 ergo
1581 4027 1713 4095 fort.
1751 4031 1896 4081 recte
1929 4027 1985 4079 A
2175 4027 2245 4082 24
2275 4026 2397 4082 fieri
2431 4044 2485 4082 n.
2521 4029 2727 4084 ualeret

461 4111 532 4167 'ex
563 4111 717 4167 fieret
749 4127 804 4167 n.
838 4111 1078 4166 ualerent
1112 4110 1168 4165 A
1190 4125 1328 4166 corr.
1353 4128 1423 4167 m.
1445 4114 1488 4166 2
1660 4127 1966 4181 quaererem
2000 4112 2057 4167 Β
2229 4112 2298 4167 25
2333 4129 2426 4183 per
2449 4111 2726 4169 Christum

462 4202 591 4253 mute
624 4213 709 4252 res
744 4199 801 4252 A
833 4213 940 4253 rec.
966 4213 1035 4253 m.
1057 4212 1100 4252 s.
1126 4196 1160 4251 l.
1187 4196 1333 4264 add„
1366 4198 1501 4266 fort.
1528 4203 1673 4254 recte
1698 4198 1834 4267 quia
1854 4198 2040 4253 statim
2064 4198 2343 4268 sequitur.-
2382 4198 2524 4269 quod
2561 4199 2728 4254 etiam

461 4281 782 4354 interposito
817 4282 1025 4338 Christi
1061 4283 1276 4338 nomine
1309 4298 1396 4338 me
1429 4283 1540 4338 dixi
1575 4299 1689 4338 esse
1724 4284 1994 4338 facturum
