3380 4919
685 301 808 366 168
1655 295 1970 351 Saluiani

679 486 1285 566 miliabitur‚>et
1330 485 1578 567 quise
1620 486 2005 552 humiliat
2049 485 2578 569 exaltabitu13
2609 486 2739 551 illis
2771 487 2938 552 enim

681 590 974 655 exaltatio
1019 590 1168 656 data
1211 593 1307 655 est
1350 609 1462 672 pro
1506 590 1870 657 humilitate
1886 640 1905 674 ,
1962 590 2141 657 nobis
2185 608 2292 673 pro
2339 589 2611 656 elatione
2657 591 2937 659 deiectio.

574 713 662 779 40
761 711 841 775 X.
889 712 1112 795 Itaque
1171 714 1429 796 agnouit
1472 713 1589 778 hoc
1631 713 1744 778 ille
1788 715 1911 778 dux
1953 714 2201 777 nostrae
2244 713 2474 794 partis,
2530 712 2639 794 qui
2681 713 2939 777 eandem

677 816 894 880 urbem
938 814 1238 893 hostium,
1285 834 1476 899 quam
1522 817 1736 881 eodem
1782 817 1884 881 die
1929 816 2237 880 uictorem
2281 833 2345 880 se
2375 815 2761 881 intraturum
2806 834 2940 880 esse

676 921 1116 1003 praesumpsit,
1166 921 1455 1003 captiuus
1485 919 1771 985 intrauit.
1820 920 2115 1002 probauit
2144 918 2402 998 scilicet,
2443 923 2602 1000 quod
2633 918 2939 1000 propheta
2981 936 3007 977 5

676 1021 862 1087 dixit:
915 1021 1099 1104 quia
1141 1041 1288 1088 non
1334 1023 1456 1088 est
1496 1023 1840 1088 hominis
1885 1023 2015 1087 uia
2058 1024 2253 1100 eine,
2301 1040 2439 1085 nec
2484 1021 2643 1086 uiri
2686 1023 2808 1086 est
2849 1023 2938 1086 ut

676 1124 1043 1189 ambulet
1085 1127 1166 1190 et
1210 1125 1512 1208 dirigat
1556 1143 1873 1208 gressus
1918 1143 2110 1192 suos,
2156 1144 2304 1189 nam
2350 1125 2494 1207 quia
2539 1124 2711 1189 uiam
2755 1142 2937 1189 suam

675 1227 830 1294 iuris
877 1229 975 1292 sui
1019 1245 1149 1293 esse
1196 1229 1610 1308 existimauit,
1665 1247 1781 1294 nec
1824 1247 2109 1312 gressum
2156 1229 2519 1294 directionis
2562 1226 2784 1294 habuit
2823 1245 2937 1292 nec

675 1333 850 1396 uiam
909 1331 1132 1396 salutis
1192 1332 1451 1398 inuenit.
1543 1333 1808 1398 effusa
1869 1334 2015 1412 est,
2079 1336 2150 1397 ut
2208 1332 2512 1415 legimus,
2586 1330 2937 1396 abiectio

675 1452 919 1516 super
975 1435 1448 1517 principem,
1519 1437 1898 1501 seductus
1957 1438 2082 1500 est
2136 1434 2215 1498 in
2275 1435 2494 1499 inuio
2548 1435 2622 1497 et
2663 1452 2812 1498 non
2856 1434 3006 1497 imo

674 1540 832 1619 uia,
893 1541 957 1604 et
1002 1538 1092 1602 ad
1136 1537 1483 1603 nihilum
1529 1526 1913 1604 deductus
1960 1541 2083 1603 est
2139 1539 2366 1602 uelut
2422 1556 2616 1620 aqua
2669 1540 2936 1603 decur-

571 1645 654 1712 41
674 1660 870 1708 rens,
917 1643 985 1706 in
1029 1659 1150 1725 quo
1195 1641 1448 1724 quidem
1492 1643 1740 1724 praeter
1782 1642 1983 1724 ipsam
2029 1660 2235 1706 rerum
2280 1641 2719 1706 infelicitatem
2764 1659 2935 1723 prae-

677 1763 817 1809 sens
862 1745 1168 1809 iudicium
1214 1744 1315 1808 dei
1360 1745 1598 1825 patuit,
1656 1746 1731 1809 ut
1794 1743 2090 1826 quicquid
2134 1743 2448 1809 facturum
2492 1763 2557 1808 se
2601 1747 2937 1826 usurparat

675 1847 807 1930 ipse
852 1849 1192 1929 pateretur.
1267 1865 1415 1912 nam
1462 1846 1608 1929 quia
1651 1847 1787 1911 sine
1832 1847 2189 1912 diuinitatis
2235 1847 2466 1912 auxilio
2510 1866 2584 1912 ac
2628 1847 2725 1911 dei
2778 1851 2936 1912 nutu

676 1950 1041 2033 capiendum
1098 1968 1135 2013 a
1189 1968 1256 2014 se
1300 1949 1547 2014 hostem
1593 1949 1893 2029 credidit,
1930 1945 2093 2032 'ipse
2140 1954 2357 2035 captus
2406 1954 2532 2016 est:
2581 1951 2821 2017 consilii
2865 1964 3007 2016 acm

675 2054 1015 2135 sapientiae
1065 2071 1378 2118 summam
1423 2054 1762 2134 usurpauit
1803 2055 2211 2136 ignominiam
2256 2054 2630 2119 temeritatis
2674 2054 2939 2120 incurrit

570 2159 658 2224 42
680 2157 908 2236 uincla,
956 2175 1112 2238 quae
1143 2156 1285 2221 aliis
1315 2157 1585 2238 parauit,
1631 2157 1766 2239 ipse
1800 2157 2121 2222 sustinuit.
2170 2161 2233 2221 et
2263 2157 2445 2239 quod,
2492 2176 2659 2241 rogo,
2692 2157 2937 2222 euiden-

584 2306 589 2311 0
674 2260 803 2325 tius
863 2261 964 2325 dei
1021 2259 1326 2325 iudicium
1385 2279 1518 2326 esse
1574 2261 1816 2344 potuit,
1883 2279 2071 2343 quam
2128 2263 2200 2327 ut
2265 2262 2497 2326 habens
2555 2261 2937 2342 praedatoris

674 2364 967 2430 fiduciam
989 2359 1241 2445 'praeda
1285 2364 1462 2429 fieret
1500 2364 1886 2455 triumphum
1921 2383 2320 2447 praesumens
2351 2363 2708 2447 triumphus
2755 2366 2934 2440 esset,

676 2470 1169 2534 circumdaretur
1231 2470 1643 2551 corriperetur
1703 2469 2106 2553 alligaretur,
2167 2471 2405 2534 retorta
2460 2470 2637 2552 tergo
2683 2468 2936 2535 brachia
2955 2484 3007 2524 2⁰

672 2576 916 2656 gereret
961 2591 1204 2651 manuS‚
1253 2590 1407 2654 quas
1452 2572 1598 2636 belli
1608 2590 1783 2638 cosas
1828 2573 2114 2654 putabat,
2170 2571 2416 2636 uinctas
2460 2572 2737 2647 uideret,
2786 2589 2935 2654 pue-

673 2694 884 2741 rorum
929 2694 1002 2739 ac
1047 2675 1383 2740 mulierum
1431 2675 1860 2758 spectaculum
1904 2675 2082 2739 fieret
2109 2674 2468 2739 inludentes
2498 2674 2618 2739 sibi
2650 2674 2936 2740 barbaros

677 2784 975 2857 cerneret,
1007 2778 1366 2843 inrisionem
1400 2797 1582 2843 sexus
1611 2778 1955 2860 promiscui
1986 2780 2332 2843 sustineret
2362 2782 2425 2842 et
2455 2778 2564 2861 qui
2593 2778 2936 2844 maximum

569 2885 654 2951 43
675 2881 985 2946 habuerat
1029 2882 1433 2966 supercilium
1464 2882 1646 2946 fortis
1677 2881 1820 2956 uiri,
1865 2885 2135 2946 mortem
2167 2881 2407 2946 subiret
2437 2883 2702 2964 ignaui?
2746 2885 2933 2964 atque

674 2984 922 3049 utinam
980 2983 1097 3048 hoc
1153 2985 1361 3067 ipsum
1421 2983 1608 3048 breue
1660 2984 2010 3049 remedium
2071 2985 2378 3050 malorum
2426 2988 2588 3051 esset
2631 3005 2755 3052 non
2798 2986 2936 3051 diu·
2955 3004 3007 3046 85

676 3089 864 3151 turna
893 3086 1200 3153 toleratio.
1232 3088 1339 3151 ille
1364 3090 1594 3172 autem,
1628 3092 1934 3169 quantum
1963 3088 2043 3152 ad
2065 3106 2406 3171 poenarum
2430 3088 2934 3173 magnitudinem

676 3192 980 3271 pertinet,
1042 3192 1227 3275 longo
1273 3192 1549 3274 tempore
1595 3194 1658 3255 et
1704 3190 2004 3256 diuturna
2046 3190 2117 3257 in
2163 3193 2475 3275 ergastulo
2525 3191 2936 3258 barbarorum

674 3292 822 3359 tabe
879 3297 1281 3376 consumptus
1336 3296 1406 3358 in
1463 3294 1623 3359 hanc
1682 3296 2003 3360 miseriam
2060 3294 2348 3360 redactus
2406 3297 2533 3377 est,
2602 3296 2705 3375 ut,
2773 3294 2936 3376 quod

673 3399 1037 3480 plerumque
1083 3397 1361 3462 homines
1410 3397 1603 3463 etiam
1648 3400 1861 3479 poenis
1905 3398 2056 3483 ipsis
2104 3398 2363 3481 grauius
2417 3398 2604 3481 atque
2649 3397 2931 3463 acerbius

875 3611 909 3664 e
944 3609 1100 3664 Pron.
1139 3611 1219 3676 16,
1255 3610 1289 3664 9
1313 3613 1368 3664 et
1393 3611 1477 3677 20,
1513 3610 1583 3665 24
1730 3611 1765 3665 9
1803 3610 1951 3666 Psa1.
1988 3612 2105 3676 106,
2142 3610 2213 3664 40
2364 3611 2429 3665 12
2463 3612 2610 3666 Psal.
2644 3610 2800 3697 52⁶8

775 3805 810 3858 3
845 3804 1054 3874 itaque]
1089 3805 1335 3875 Namque
1371 3807 1427 3860 B
1618 3807 1653 3861 4
1685 3823 1743 3861 se
1778 3807 1969 3862 intrat.
2004 3823 2061 3861 se
2096 3823 2209 3861 esse
2243 3808 2300 3861 B
2485 3809 2519 3862 6
2553 3809 2643 3862 uia
2678 3809 2733 3862 A
2770 3808 2936 3877 (quod

673 3889 821 3959 Γηρᾶ
844 3890 1152 3958 Halmium)
1179 3898 1231 3947 et
1253 3893 1679 3948 Rittershusiuc:
1720 3893 1839 3947 uita
1871 3893 1928 3946 B
2124 3895 2159 3949 8
2193 3909 2262 3947 ne
2290 3895 2440 3962 (ante
2462 3897 2726 3963 gressum)
2751 3910 2795 3951 s.
2828 3910 2932 3949 scr.

673 3991 702 4030 c
735 3991 805 4028 m.
831 3978 871 4029 2
906 3976 961 4029 A
1169 3978 1232 4031 11
1268 3979 1430 4032 uelud
1462 3980 1517 4033 A
1725 3979 1793 4033 14
1826 3980 1985 4049 nutu]
2025 3980 2192 4035 ductu
2228 3980 2284 4033 B
2504 3980 2568 4033 17
2605 3980 2765 4049 quod]
2802 3980 2934 4049 quid

671 4061 829 4129 B(T)
1013 4062 1082 4116 20
1115 4065 1318 4117 retorta
1341 4065 1496 4133 tergo
1532 4080 1598 4119 ex
1631 4067 1837 4119 retorta
1872 4081 2001 4135 ergo
2035 4067 2090 4120 A
2124 4081 2265 4122 corr.
2299 4083 2369 4120 m.
2393 4071 2426 4119 1
2615 4066 2679 4119 21
2718 4069 2935 4135 putaret

671 4146 728 4201 B
771 4163 840 4201 m.
877 4152 910 4200 1
1137 4148 1323 4202 uincta
1372 4149 1428 4202 B
1660 4151 1731 4204 24
1782 4153 1893 4219 atq:
1947 4152 2044 4206 sed
2096 4168 2148 4221 q:
2195 4153 2259 4206 in
2292 4152 2392 4219 fin.
2429 4152 2531 4205 lim.
2566 4168 2637 4205 m.
2672 4156 2711 4207 2
2744 4154 2801 4207 A

671 4233 740 4287 26
775 4233 1168 4303 longitudinem
1202 4234 1258 4287 B
1467 4235 1537 4290 28
1571 4241 1914 4306 consumptos
1950 4254 2117 4307 super
2153 4256 2183 4293 o
2217 4254 2321 4293 scr.
2359 4254 2396 4291 u
2429 4254 2498 4291 m.
2528 4242 2568 4293 2
2602 4238 2659 4291 A
