3380 4919
680 320 802 384 144
1647 313 1952 369 Saluiani

676 505 847 570 batio
913 504 1065 570 facit
1132 522 1264 569 esse
1329 503 1703 569 moderatos.
1773 502 2077 585 numquid
2136 505 2349 586 populi
2407 504 2758 580 ciuitatum,
2820 504 2929 587 qui

676 606 979 691 impudici
1022 606 1205 672 rebus
1250 608 1564 688 prosperis
1609 605 1878 682 fuerant,
1926 606 2163 688 asperis
2194 605 2353 671 casti
2384 625 2520 672 esse
2551 610 2932 691 coeperunt?

677 709 981 792 numquid
1036 707 1327 784 ebrietas,
1389 727 1547 791 quae
1607 709 1673 774 in
1729 708 2190 791 tranquillitate
2244 712 2310 775 et
2369 709 2749 776 abundatia
2794 729 2929 775 cre-

575 813 656 879 67
677 816 874 885 uerat,
918 812 1131 878 hostili
1176 812 1394 877 saltim
1438 811 1915 895 depopulatione
1961 811 2280 877 cessauit?
2339 816 2588 879 uastata
2616 818 2710 878 est
2738 812 2930 878 Italia

676 917 776 981 tot
839 916 969 982 iam
1028 915 1337 982 cladibus:
1406 933 1548 998 ergo
1593 915 1900 980 Italorum
1956 914 2119 981 uitia
2180 917 2605 981 destiterunt?
2678 917 2928 981 obsessa
2968 942 2996 984 5

678 1021 774 1084 est
833 1019 982 1084 urbs
1027 1020 1224 1084 Roma
1282 1021 1345 1082 et
1388 1021 1770 1102 expugnata:
1845 1037 1990 1102 ergo
2057 1019 2375 1084 desierunt
2440 1019 2789 1102 blasphemi
2854 1036 2929 1084 ac

675 1120 890 1187 furiosi
922 1140 1058 1187 esse
1087 1123 1400 1187 Romani?
1434 1121 1823 1187 inundarunt
1854 1120 2097 1187 Gallias
2126 1123 2348 1208 gentes
2377 1122 2714 1189 barbarae:
2761 1141 2925 1206 ergo,

676 1226 980 1308 quantum
1024 1230 1100 1292 ad
1132 1245 1333 1292 mores
1376 1226 1653 1309 perditos
1698 1227 1964 1308 spectat,
2010 1243 2137 1292 uon
2170 1226 2388 1291 eadem
2416 1229 2567 1291 sunt
2598 1226 2927 1294 Gallorum

675 1329 938 1396 crimina
1003 1349 1159 1412 quae
1223 1330 1522 1396 fuerunt?
1593 1330 2114 1395 transcenderunt
2177 1330 2244 1394 in
2312 1330 2653 1411 Hispaniae
2727 1332 2926 1394 terras

673 1432 887 1516 populi
930 1433 1410 1499 Wandalorum:
1457 1435 1706 1498 mutata
1750 1433 2000 1515 quidem
2047 1434 2144 1498 est
2186 1452 2318 1499 sors
2347 1432 2770 1515 Hispanorum
2815 1433 2925 1498 sed
2944 1459 2997 1500 ιο

573 1535 654 1600 68
674 1554 796 1601 non
826 1540 1075 1602 mutata
1104 1534 1435 1602 uitiositas,
1496 1538 1824 1618 postremo,
1871 1555 1947 1600 ne
1994 1553 2119 1618 qua
2147 1554 2288 1618 pars
2318 1535 2537 1600 mundi
2568 1534 2925 1600 exitialibus

652 1640 859 1705 'malis
921 1641 1084 1705 esset
1149 1641 1448 1705 immunis
1466 1688 1481 1717 ‚
1553 1640 1850 1723 nauigare
1907 1659 2017 1722 per
2076 1639 2304 1705 fluctus
2347 1639 2514 1704 bella
2557 1641 2921 1721 coeperunt:

677 1760 830 1824 quae
874 1744 1136 1808 uastatis
1181 1742 1437 1808 urbibus
1494 1743 1654 1808 mari
1703 1742 1933 1808 clausis
1979 1744 2044 1807 et
2088 1741 2321 1807 euersis
2366 1740 2656 1807 Sardinia
2700 1759 2774 1805 ac
2817 1739 2920 1806 Si-

675 1844 837 1923 cilia,
906 1846 968 1910 id
1024 1850 1122 1910 est
1178 1845 1491 1911 fiscalibus
1536 1846 1796 1928 horreiS,
1867 1848 2056 1928 atque
2100 1846 2325 1911 abcisis
2370 1844 2548 1909 uelut
2615 1843 2922 1908 uitalibus

674 1948 868 2026 uenis,
925 1947 1206 2013 Africam
1259 1948 1461 2030 ipsam
1523 1947 1586 2013 id
1644 1953 1741 2013 est
1799 1949 1973 2030 quasi
2035 1949 2311 2012 animam
2355 1948 2755 2029 captiuauere
2800 1947 2922 2011 rei·
2943 1972 3005 2015 ia

672 2050 973 2136 publicae.
1049 2051 1114 2115 et
1167 2049 1362 2132 quid?
1428 2051 1724 2134 ingressis
1783 2052 2017 2116 terram
2075 2051 2251 2117 illam
2313 2052 2603 2134 gentibus
2649 2049 2924 2114 barbaris
3039 2040 3046 2055 ⁸

674 2155 936 2220 forsitan
978 2155 1081 2218 uel
1125 2156 1299 2219 metu
1344 2155 1502 2219 uitia
1545 2152 1915 2219 cessarunt?
1959 2157 2087 2235 aut,
2134 2156 2298 2219 sicut
2343 2152 2571 2237 corrigi
2613 2152 2695 2219 ad
2740 2171 2922 2236 prae-

674 2275 816 2322 sens
862 2257 1052 2321 etiam
1098 2257 1465 2338 nequissimi
1511 2256 1737 2340 quique
1766 2274 2088 2321 seruorum
2117 2256 2336 2333 solent,
2383 2257 2764 2322 modestiam
2793 2255 2924 2320 sal-

571 2360 655 2425 69
672 2360 791 2424 tim
835 2378 907 2425 ac
950 2359 1343 2440 disciplinam
1387 2361 1584 2424 terror
1615 2359 1922 2424 extorsit?
1980 2359 2118 2441 quis
2151 2360 2480 2425 aestimare
2525 2360 2639 2424 hoc
2682 2359 2920 2424 malum

673 2463 917 2547 possit?
980 2463 1525 2529 circumsonabant
1565 2468 1757 2529 armis
1802 2481 2013 2528 muros
2058 2462 2268 2529 Cirtae
2312 2466 2498 2545 atque
2528 2461 2921 2548 Carthaginis
2938 2485 2998 2526 ω

672 2568 884 2650 populi
940 2567 1365 2643 barbarorum,
1438 2567 1503 2632 et
1558 2567 1827 2632 ecclesia
1882 2565 2386 2649 carthaginensis
2440 2565 2794 2632 insaniebat
2855 2566 2921 2630 in

672 2671 848 2736 circis
891 2671 1243 2737 luxuriabat
1286 2672 1353 2737 in
1400 2670 1681 2736 theatris.
1752 2670 1860 2736 alii
1908 2670 2058 2736 foris
2105 2671 2550 2754 iugulabantur
2593 2670 2703 2735 alii
2748 2669 2921 2734 intus

671 2775 1159 2840 fornicabantur:
1229 2792 1373 2855 pars
1440 2772 1639 2857 plebis
1710 2776 1845 2839 erat
1910 2774 2060 2839 foris
2119 2775 2376 2855 captiua
2442 2773 2716 2838 hostium
2776 2790 2919 2853 pars

574 2880 657 2944 70
670 2878 842 2942 intus
906 2876 1158 2959 captiua
1216 2877 1534 2941 uitiorum.
1609 2876 1788 2942 cuius
1833 2893 1965 2941 sors
2008 2878 2180 2961 peior
2222 2877 2413 2942 fuerit
2453 2878 2758 2941 incertum
2804 2876 2919 2942 est.

671 2981 769 3045 illi
835 2978 1086 3062 quidem
1153 2984 1329 3043 erant
1396 2980 1776 3045 extrinsecus
1842 2998 2043 3057 carne,
2118 2980 2227 3045 sed
2293 2980 2403 3044 isti
2467 2979 2640 3044 intus
2708 2982 2919 3044 mente
2939 3001 3001 3042 a

673 3082 950 3164 captiui‚·
979 3085 1041 3147 et
1087 3101 1160 3146 ex
1203 3081 1441 3147 duobus
1484 3082 1780 3148 letalibus
1818 3082 1999 3147 malis
2044 3081 2265 3164 leuiu8‚
2313 3085 2388 3147 ut
2429 3100 2584 3160 reor,
2632 3085 2729 3147 est
2771 3099 2918 3164 cap-

671 3185 986 3252 tiuitatem
1060 3185 1332 3268 corporis
1398 3183 1825 3251 Christianum
1897 3204 2086 3269 quam
2162 3185 2598 3268 captiuitatem
2673 3184 2919 3251 animae

672 3288 991 3369 sustinere,
1058 3289 1396 3355 secundum
1452 3288 1633 3367 illud,
1693 3289 1857 3371 quod
1901 3289 2079 3354 docet
2124 3289 2400 3354 saluator
2444 3287 2576 3371 ipse
2618 3288 2686 3353 in
2731 3306 2917 3353 euan-

673 3395 858 3479 gelio,
904 3394 1157 3477 grauius
1202 3393 1404 3459 multo
1461 3391 1813 3457 animarum
1857 3393 2125 3457 mortem
2171 3410 2302 3457 esse
2345 3409 2532 3474 quam
2575 3409 2915 3474 corporum.

869 3617 941 3672 28
975 3616 1101 3671 Luc.
1139 3617 1188 3682 9,
1224 3615 1294 3670 24

772 3823 801 3873 1
839 3820 1135 3875 moderatos
1171 3836 1241 3876 ex
1276 3824 1427 3875 ·atus
1461 3822 1514 3875 A
1550 3837 1689 3878 corr.
1725 3838 1794 3875 m.
1832 3824 1872 3874 2
2075 3821 2111 3874 2
2155 3837 2270 3875 esse
2306 3820 2442 3874 casti
2477 3822 2533 3874 A
2565 3819 2664 3875 sed
2699 3818 2935 3874 adiecta

666 3912 795 3961 sumt
817 3923 885 3960 m.
912 3911 946 3960 1
968 3908 1410 3976 transpositionis
1431 3909 1586 3979 siena
1794 3907 1859 3961 10
1884 3907 2176 3977 Hispaniae
2199 3908 2253 3961 A
2460 3907 2526 3960 13
2550 3905 2918 3975 quaeuastatis

665 3991 761 4045 sed
793 4006 961 4059 super
993 3989 1127 4061 quae
1161 4008 1264 4048 scr.
1301 3993 1367 4048 de
1397 4010 1466 4048 m.
1491 3996 1532 4048 2
1568 3995 1646 4059 A;
1680 3993 1811 4060 fort.
1849 4008 1984 4061 quae
2018 3993 2313 4048 deuastatis
2493 3992 2559 4048 14
2593 3993 2787 4047 abcisis
2821 3991 2930 4047 sed

666 4092 837 4146 super
871 4092 898 4130 c
931 4093 1034 4132 scr.
1071 4095 1096 4131 s
1131 4095 1199 4133 m.
1234 4081 1276 4133 2
1320 4080 1374 4132 A
1583 4079 1647 4134 16
1692 4077 1935 4133 barbaris
1980 4079 2235 4147 gentibus
2281 4082 2479 4133 terram
2525 4078 2678 4133 illam
2721 4078 2780 4131 ’Β

669 4162 735 4216 18
787 4161 1002 4231 quique]
1059 4162 1317 4233 quiquam
1370 4164 1425 4218 Β
1662 4165 1727 4221 21
1784 4165 2120 4235 carthaginis
2171 4164 2227 4218 A
2284 4164 2671 4233 cartaginensis
2724 4164 2780 4217 B

667 4248 735 4301 25
770 4247 987 4315 quidam
1025 4248 1080 4302 B
1285 4250 1355 4304 26
1389 4250 1667 4305 ΙοᾶαΗῦιια
1704 4251 1760 4305 A

290 4579 367 4670 (Α
679 4545 783 4672 κ
