3380 4919
1161 292 1238 348 de
1273 290 1547 363 gubern.
1584 290 1695 345 dei
1729 290 1852 346 IIII
1901 295 1932 357 5
1966 289 2189 345 49-53.
2725 292 2810 359 83

547 485 1007 569 tellegeremus,
1052 482 1203 566 quid
1233 500 1346 548 nos
1376 499 1487 565 pro
1534 479 1786 547 domino
1832 480 1967 545 tam
1994 478 2155 547 bono
2188 478 2390 546 facere
2420 479 2807 564 conueniret,

549 607 691 654 cum
736 588 847 654 ille
889 605 1001 670 pro
1045 587 1228 653 malis
1280 586 1482 652 seruis
1527 587 1712 650 tanta
1753 583 2038 663 fecisset,
2099 587 2164 649 et
2210 584 2626 667 compleretur
2667 584 2807 663 hoc,

545 692 710 775 quod
754 692 1070 775 apostolus
1118 690 1287 765 dicit,
1334 689 1407 754 ut
1452 686 1975 755 mortificaremur
2019 686 2281 752 caritate
2310 685 2483 753 illius
2515 687 2650 753 tota
2680 686 2805 768 die,

545 796 625 875 et,
662 813 862 877 neque
928 792 1254 859 tribulatio
1319 809 1517 876 neque
1583 789 1878 874 angustia
1946 808 2143 873 neque
2202 791 2551 874 persecutio
2608 809 2806 874 neque

494 898 742 964 sfames
808 917 1006 981 neque
1067 898 1327 962 nuditas
1393 914 1594 979 neque
1658 895 1906 979 gladius
1973 896 2180 978 posset
2247 911 2357 958 nos
2421 913 2709 978 separare
2770 913 2808 961 a

543 1001 807 1068 caritate
853 1002 969 1081 dei,
1018 1019 1174 1084 quae
1219 1001 1318 1066 est
1361 999 1428 1064 in
1475 997 1726 1065 Christo
1769 999 1917 1064 Iesu
1960 998 2211 1064 domino
2260 1000 2493 1064 nostro.

627 1123 741 1188 XI.
811 1121 971 1189 Cum
1038 1140 1182 1204 ergo
1249 1123 1404 1187 haec
1451 1139 1489 1188 a
1531 1121 1712 1187 nobis
1769 1121 1978 1187 deberi
2038 1120 2287 1187 domino
2347 1120 2502 1188 satis
2564 1123 2803 1187 certum
2823 1120 2911 1187 52

543 1225 648 1309 sit,
711 1225 1037 1292 uideamus
1093 1224 1245 1308 quid
1287 1243 1401 1308 pro
1447 1223 1546 1290 his
1593 1224 1832 1291 cunctis
1877 1222 2223 1303 reddimus,
2284 1241 2441 1305 quae
2486 1224 2805 1290 debemus.

544 1329 697 1414 quid
742 1330 986 1395 scilicet
1030 1327 1155 1394 nisi
1202 1329 1406 1394 totum
1448 1327 1640 1407 illud,
1702 1329 1864 1409 quod
1910 1345 2098 1410 supra
2141 1326 2446 1409 diximus,
2514 1327 2806 1412 quicquid

474 1452 527 1492 ιο
544 1434 841 1500 indecens
911 1431 1205 1517 quicquid
1271 1431 1603 1515 indignum
1672 1430 1969 1514 quicquid
2030 1431 2108 1495 ad
2153 1430 2450 1496 iniuriam
2507 1431 2605 1496 dei
2664 1449 2806 1513 per-

541 1535 748 1602 tinens
772 1584 789 1616 ,
888 1538 1065 1600 actus
1161 1534 1473 1617 improbos
1550 1551 1764 1613 ,mores
1853 1532 2191 1616 flagitiosos
2278 1533 2481 1599 ebrias
2568 1552 2806 1601 comes-

542 1638 815 1707 sationes
833 1687 850 1715 ,
926 1638 1212 1704 cruentas
1269 1656 1489 1703 manus
1554 1636 1821 1702 faetidas
1881 1635 2171 1703 libidines
2229 1635 2485 1702 rabidas
2560 1637 2806 1721 cupidi-

539 1743 737 1822 tates,
829 1741 894 1806 et
972 1739 1270 1824 quicquid
1355 1739 1512 1806 illud
1597 1741 1742 1822 plus
1828 1740 2033 1823 potest
2118 1741 2495 1806 conscientia
2582 1741 2806 1807 habere

542 1866 729 1930 quam
798 1846 1050 1912 sermo?
1124 1864 1316 1929 quae
1373 1845 1610 1922 enim,
1678 1843 1886 1926 inquit
1931 1845 2280 1926 apostolus,
2348 1845 2433 1909 in
2489 1845 2805 1913 occulto

473 1950 756 2016 15fiunt
805 1951 893 2015 ab
938 1949 1086 2029 eis,
1148 1951 1379 2033 turpe
1425 1952 1544 2013 est
1591 1947 1835 2014 etiam
1897 1947 2175 2013 dicere.
2243 1967 2357 2013 nec
2401 1950 2606 2015 solum
2649 1948 2799 2027 hoc;

539 2072 688 2119 nam
735 2053 851 2119 hoc
895 2056 1080 2118 uetus
1112 2055 1208 2117 est
1240 2052 1304 2117 et
1346 2052 1479 2117 tam
1508 2050 1933 2135 praesentium
1978 2052 2334 2134 temporum
2380 2071 2570 2136 quam
2614 2072 2799 2135 prae-

538 2156 887 2220 teritorum.
953 2155 1117 2220 illud
1161 2156 1418 2240 grauius
1464 2156 1525 2220 et
1556 2155 1906 2238 lugubriuS,
1953 2156 2119 2238 quod
2161 2157 2434 2240 peccatis
2479 2154 2908 2224 ueteribus53

536 2277 706 2325 noua
748 2258 1057 2338 addimus,
1105 2276 1218 2324 nec
1261 2260 1465 2324 solum
1512 2277 1674 2324 noua
1715 2259 1824 2324 sed
1856 2260 2160 2342 quaedam
2203 2261 2509 2342 paganica
2542 2279 2614 2324 ac
2655 2279 2800 2346 pro·

540 2362 781 2447 digiosa
827 2364 890 2427 et
945 2363 1011 2426 in
1068 2362 1349 2427 ecclesiis
1405 2360 1506 2428 dei
1565 2365 1711 2428 ante
1766 2380 1891 2427 non
1947 2362 2117 2442 uisa,
2187 2362 2492 2429 iactantes
2559 2363 2802 2431 scilicet

467 2490 523 2530 20
539 2467 826 2550 profanas
872 2468 937 2532 in
975 2467 1163 2533 deum
1194 2485 1375 2531 uoces
1408 2470 1472 2532 et
1503 2466 1911 2532 contumelias
1943 2467 2470 2551 blasphemantes,
2517 2468 2797 2535 dicentes

540 2572 723 2635 deum
779 2571 1166 2636 incuriosum
1225 2571 1412 2635 deum
1458 2587 1583 2634 non
1627 2569 2061 2635 intendentem
2109 2570 2295 2635 deum
2341 2571 2797 2655 neglegentem,

744 2724 779 2778 3
812 2723 967 2777 Rom.
1002 2724 1055 2788 8,
1089 2723 1157 2778 36
1364 2723 1433 2778 14
1465 2723 1656 2793 Ephes.
1695 2725 1744 2790 5,
1783 2724 1849 2778 12

641 2861 676 2915 2
712 2862 1101 2931 complerentur
1135 2861 1232 2916 secl
1265 2877 1303 2915 n
1332 2866 1527 2931 punct.
1565 2861 1620 2915 A
1829 2864 1862 2918 6
1908 2863 2014 2935 dei]
2053 2863 2260 2919 Christi
2295 2863 2352 2918 Β
2559 2865 2591 2919 7
2627 2880 2659 2918 a
2694 2881 2799 2921 om.

536 2948 594 3002 A
781 2948 971 3003 debere
1005 2953 1086 3012 A3
1120 2947 1267 3014 ‘fora
1304 2949 1436 3003 haec
1471 2964 1569 3020 nos
1586 2948 1806 3021 2debere'
1840 2950 2135 3019 Halmius;
2171 2966 2287 3007 non
2313 2952 2492 3019 probo
2503 2972 2527 3021 ;
2562 2952 2728 3009 immo
2766 2969 2800 3007 a

535 3040 790 3104 apertum
820 3058 893 3083 =
923 3052 982 3091 cc
1008 3040 1135 3104 post
1169 3034 1298 3088 haec
1329 3034 1498 3102 facile
1533 3035 1742 3091 eaecidit
1772 3041 1825 3091 et
1853 3038 2258 3106 permutatione
2292 3052 2322 3092 e
2358 3044 2410 3093 et
2445 3039 2466 3091 i
2505 3039 2609 3094 litt.
2646 3041 2709 3094 in
2743 3039 2799 3094 A

535 3121 623 3176 nil
664 3120 1035 3190 frequentium
1089 3121 1161 3187 cf,
1201 3121 1494 3177 ,sita-Ber.
1522 3137 1585 3190 p.
1620 3124 1690 3177 15
1905 3123 1940 3177 8
1990 3122 2266 3178 reddimus
2302 3141 2372 3178 ex
2408 3125 2691 3180 reddemus
2746 3124 2795 3180 A

534 3221 672 3265 corr.
707 3224 777 3262 m.
811 3212 849 3263 2
1052 3208 1188 3276 quae
1223 3206 1411 3261 demus
1447 3207 1504 3274 (i.
1542 3223 1587 3261 e.
1623 3222 1761 3276 quae
1794 3222 1894 3262 uae
1930 3208 2116 3263 demus
2151 3211 2578 3280 transpositione
2614 3218 2796 3267 ortum

535 3307 604 3345 ex
647 3307 782 3361 quae
816 3292 1099 3348 deuaemus
1126 3308 1235 3363 pro
1281 3292 1553 3359 debemus)
1600 3293 1657 3347 A
1711 3309 1846 3363 quae
1892 3295 2143 3350 debemus
2181 3297 2239 3350 Β
2251 3316 2265 3362 3
2320 3298 2519 3351 ‘malim
2574 3314 2669 3367 pro
2705 3298 2795 3353 his

535 3379 747 3431 cunctis
769 3394 903 3448 quae
929 3379 1179 3433 debemus
1203 3377 1492 3446 reddimus,
1529 3379 1602 3446 cf.
1640 3384 1823 3433 tamen
1855 3379 2088 3434 simalem
2120 3382 2353 3436 relatiui
2387 3382 2793 3437 collocationem

542 3460 598 3514 V
626 3467 687 3516 1.·
741 3462 861 3517 Scio
909 3463 1312 3518 infidelissimos
1346 3501 1363 3518 .
1379 3502 1396 3518 .
1414 3502 1430 3518 .
1447 3498 1465 3519 .
1508 3463 1681 3534 dicere
1716 3464 1973 3519 aduersus
2008 3466 2137 3521 haec
2172 3482 2325 3536 posse
2374 3482 2507 3535 quae
2543 3467 2790 3523 diximus'

535 3548 800 3603 Halmius
989 3552 1051 3605 11
1091 3552 1360 3620 improbos
1397 3566 1464 3606 σω
1499 3550 1777 3619 improbus
1814 3552 1870 3607 A
1905 3567 2047 3607 corr.
2070 3569 2140 3606 m.
2166 3554 2207 3606 2
2397 3553 2571 3606 ebrias
2601 3570 2648 3608 s.
2683 3570 2791 3612 scr.

534 3649 605 3687 m.
640 3648 746 3689 rec.
784 3635 831 3687 δι
865 3640 914 3690 et
949 3638 1005 3689 te
1043 3641 1131 3702 (=
1165 3636 1472 3705 ebrietates)
1521 3637 1578 3689 A
1784 3639 2249 3693 commessationes
2295 3639 2351 3693 Β
2400 3645 2452 3694 et
2484 3640 2688 3709 priore
2734 3658 2791 3696 m

527 3723 726 3787 punct.
749 3720 807 3774 A
978 3721 1044 3774 12
1069 3721 1300 3776 faetidas
1324 3721 1577 3776 libidines
1596 3723 1794 3793 scripsi
1816 3723 1977 3789 (conl.
2005 3723 2344 3798 Prud27ts<>2
2368 3740 2527 3797 στεφ.
2556 3726 2640 3782 ΙΙ
2652 3729 2793 3783 245:

534 3804 703 3859 istum
727 3805 895 3872 libido
918 3806 1148 3861 foetida.
1167 3844 1182 3860 .
1201 3808 1342 3861 ‚luto
1356 3811 1418 3878 ‘et
1439 3809 1631 3863 cloacis
1657 3809 1955 3879 inquinat)=
1981 3809 2211 3864 faeditas
2229 3815 2291 3878 (s.
2313 3811 2400 3865 tas
2419 3811 2548 3865 add.
2569 3815 2645 3882 te)
2665 3813 2791 3868 libi-

533 3888 678 3944 dinis
702 3896 796 3959 (οω
818 3894 962 3960 fines)
986 3894 1041 3946 A
1064 3909 1133 3947 m.
1159 3895 1197 3947 2
1237 3892 1522 3949 foeditates
1545 3894 1794 3949 libidinis
1818 3896 1874 3950 Β
1914 3894 2096 3964 foedas
2120 3896 2374 3951 libidines
2399 3897 2652 3954 Halmius

533 3975 748 4031 rabidas
770 3978 1056 4035 Halmius:
1092 3979 1306 4052 rapidas
1329 3979 1385 4034 A
1408 3996 1450 4036 s.
1477 3982 1572 4036 das
1593 3997 1697 4050 scr.
1723 3982 1778 4035 N
1804 3983 1924 4051 (sic)
1948 3988 2001 4037 et
2022 3983 2078 4037 Β
2258 3983 2325 4039 13
2359 3984 2499 4038 illud
2521 3984 2580 4038 Β
2603 3992 2657 4041 et
2680 4002 2787 4043 rec.

534 4078 604 4117 m.
650 4063 779 4118 add.
830 4067 913 4118 est
957 4065 1123 4136 quod⁸
1150 4065 1206 4119 A
1366 4123 1371 4134 ,
1415 4067 1482 4121 15
1530 4068 1721 4139 etiam]
1776 4069 1920 4143 enim
1972 4069 2028 4124 A
2079 4070 2280 4139 (ortum
2327 4085 2397 4126 ex
2429 4072 2800 4148 ‘antecedenti

535 4147 699 4215 enim)
905 4148 1007 4203 hoc
1058 4150 1231 4205 solum
1282 4151 1339 4205 Β
1547 4153 1612 4208 16
1665 4153 2021 4223 praesentium
2070 4170 2139 4210 ex
2180 4155 2499 4224 praesertim
2545 4158 2603 4212 A
2650 4174 2792 4215 corr.

534 4249 605 4286 m-
640 4235 706 4288 2:
751 4235 1048 4303 praesentis
1083 4235 1139 4290 Β
1343 4236 1415 4291 20
1449 4240 1828 4295 contumeliose
1864 4256 1932 4296 ex
1958 4240 2316 4314 ,contumelias
2351 4243 2406 4298 A
2440 4258 2509 4296 m.
2545 4258 2652 4300 rec.

2514 4349 2585 4403 6*
