3380 4919
1087 331 1162 385 de
1196 332 1452 399 gubern.
1488 330 1597 389 dei
1635 329 1714 387 VI
1750 330 2035 396 elsa-98.
2556 331 2676 400 151

445 517 684 585 morbis
743 536 922 585 ouras
976 518 1252 602 dispares
1306 518 1626 602 praestant
1665 519 1851 603 atque
1887 516 2036 585 aliis
2078 535 2189 602 per
2231 518 2441 586 dulcia
2481 517 2680 586 medi-

448 623 689 689 camina
741 621 881 689 aliis
940 641 1053 707 per
1108 636 1324 689 amara
1376 625 1747 688 succurrunt
1798 625 1864 687 et
1918 621 2218 704 quosdam
2270 620 2493 688 curant
2533 637 2681 688 cau·

444 725 746 793 teriorum
800 727 1117 793 adustione
1175 726 1470 808 quosdam
1523 725 1978 809 malagmatum
2030 722 2476 808 placabilitate,
2543 721 2710 792 aliis
2737 744 2772 801 ες

445 828 747 896 adhibent
803 828 1023 895 duram
1079 827 1230 895 ferri
1282 827 1738 911 prosectionem
1793 826 1935 895 aliis
1987 826 2285 897 blandum
2340 824 2682 893 infundunt

403 953 428 993 ⁵
447 930 566 997 olei
610 931 962 1011 lenitatem,
1008 934 1073 998 et
1115 932 1326 999 tamen
1371 931 1810 1000 diuersissimis
1853 930 2001 998 licet
2043 930 2208 998 curis
2249 931 2462 1007 eadem
2507 929 2680 997 salus

447 1033 792 1116 quaeritat:
857 1036 950 1101 ita
1011 1035 1199 1101 etiam
1264 1035 1416 1102 deus
1479 1038 1707 1113 noster,
1764 1034 1821 1101 si
1875 1034 2121 1118 quando
2164 1050 2276 1103 nos
2312 1033 2522 1117 plagis
2561 1052 2678 1100 au-

445 1135 808 1204 sterioribus
844 1140 1105 1217 coercet,
1149 1137 1339 1220 quasi.
1357 1138 1650 1204 cauteriis
1678 1153 1756 1203 ao
1784 1135 2163 1204 sectionibus
2190 1140 2389 1214 curat,
2432 1135 2678 1218 quando

444 1240 654 1305 autem
722 1239 904 1306 rebus
967 1241 1274 1323 prosperis
1337 1239 1595 1320 resonet,
1663 1241 1841 1323 quasi
1897 1241 2030 1307 oleo
2064 1256 2149 1307 ac
2190 1237 2678 1323 malagmatibus

445 1343 821 1423 consolatur-3
854 1372 857 1377 >
886 1361 998 1425 per
1040 1343 1352 1411 diuersam
1394 1342 1565 1410 enim
1608 1344 2098 1413 medicaminum
2140 1359 2325 1425 opem
2366 1345 2444 1410 ad
2489 1360 2678 1411 unam

377 1470 427 1509 ιο
441 1445 581 1511 uult
625 1465 747 1513 nos-
774 1449 1103 1530 perducere
1146 1447 1497 1515 sanitatem.
1541 1446 1744 1515 solent
1783 1446 2011 1530 quippe
2042 1445 2251 1513 etiam.
2266 1445 2679 1528 nequissimos
2697 1447 2783 1516 92

442 1567 684 1626 senice,⁴
698 1576 703 1587 ·
719 1568 869 1632 quos
912 1549 1221 1633 supplicia
1263 1567 1388 1616 non
1430 1550 1833 1628 correxerint,-
1885 1549 2313 1619 blandimenta
2352 1549 2680 1632 corrigere,

444 1654 505 1716 et
549 1670 700 1735 quos
731 1652 1002 1719 dominis
1030 1653 1161 1719 suis
1203 1655 1462 1720 uerbera
1504 1669 1630 1719 non
1673 1651 2119 1732 summiserint,
2163 1650 2465 1719 beneficia
2507 1669 2678 1716 sum-

442 1756 725 1820 mittunt.
769 1756 1043 1821 infantes
1102 1773 1341 1840 quoque
1384 1757 1450 1821 et
1492 1773 1707 1822 omnes
1752 1755 1884 1821 fere
1926 1755 2220 1838 paruulos
2264 1754 2679 1834 contumaces,

440 1875 592 1940 quos
662 1859 1001 1941 morigeros
1073 1858 1289 1925 minae·
1348 1877 1421 1924 ac
1486 1857 1722 1924 ferulae
1761 1875 1916 1924 non
1977 1856 2256 1925 efficiunt
2272 1902 2291 1936 ,
2363 1856 2680 1923 interdum

376 1980 425 2020 ιο
438 1959 804 2043 panchresta
869 1965 1055 2044 atque
1108 1960 1457 2028 blanditiae
1516 1962 1597 2028 ad
1651 1960 2105 2028 oboedientiam
2160 1960 2441 2027 trahunt.
2514 1958 2680 2024 unde

439 2062 808 2148 intellegere
869 2064 1156 2131 debemus
1211 2083 1323 2130 nos
1385 2067 1451 2130 et
1507 2066 1705 2132 seruis
1769 2063 2167 2147 nequissimis
2236 2063 2555 2145 nequiores
2612 2065 2679 2128 et

439 2166 872 2249 insipientibus
938 2167 1210 2250 paruulis
1276 2167 1591 2234 stultiores
1659 2182 1813 2249 esse,
1880 2182 2034 2248 quos
2087 2183 2207 2231 nee
2255 2165 2440 2247 quasi
2479 2164 2678 2230 malos

443 2274 648 2335 seruos
706 2270 1016 2335 tormenta
1075 2270 1394 2353 corrigunt
1436 2287 1553 2335 nec
1610 2269 1786 2353 quasi
1834 2268 2190 2337 infantulos
2247 2266 2677 2332 blandimenta

439 2373 830 2437 conuertunt.

375 2512 425 2552 ao
523 2491 730 2557 XVII.
788 2493 872 2557 Et
923 2492 1173 2576 quidem
1231 2492 1754 2576 quemadmodum
1812 2490 2053 2568 nullam
2096 2489 2358 2556 Romani
2403 2488 2675 2581 nominis
2696 2486 2782 2555 93

440 2597 680 2676 partem
726 2612 923 2677 poena
968 2595 1317 2673 correxerit,
1378 2596 1551 2674 satis,
1610 2597 1684 2661 ut
1729 2594 2008 2672 arbitror,
2067 2594 2196 2659 iam
2240 2591 2675 2676 probauimnst

440 2697 723 2779 superest
761 2700 834 2762 ut
877 2698 1400 2780 quemadmodum
1453 2717 1567 2765 neo
1620 2716 1880 2765 munera
1932 2709 2066 2763 nec‘
2089 2696 2517 2765 blandimfflita
2560 2713 2675 2761 nos
2751 2715 2763 2770 3

441 2797 539 2864 dei
604 2799 924 2884 corrigant
988 2800 1475 2884 comprobemus.
1547 2812 1822 2868 munera.
1865 2801 2084 2868 autem>
2144 2798 2247 2865 dei
2305 2801 2370 2868 et
2426 2797 2673 2865 blandi-

440 2905 651 2968 menta
717 2921 873 2984 quae
937 2902 1132 2969 sunt?
1204 2920 1363 2986 quae
1427 2903 1675 2970 scilieet
1734 2901 1858 2969 nisi
1919 2920 2040 2987 pax
2103 2904 2319 2970 nostra
2377 2905 2441 2968 et
2494 2899 2676 2984 quies

376 3019 424 3061 π
440 3005 656 3069 nostra
697 3006 761 3070 et
805 3005 1179 3071 famulantes
1233 3005 1402 3072 uotis
1446 3024 1523 3072 ae
1557 3005 1994 3073 uoluntatibus
2037 3006 2280 3072 ,nostris
2322 3021 2531 3072 rerum
2574 2997 2674 3070 se-

440 3106 781 3172 cundarum
824 3106 1368 3190 tranquillitates?
1410 3108 1648 3191 aliquid
1694 3126 1857 3192 ergo,
1902 3109 2051 3191 quia
2077 3128 2176 3174 res
2220 3106 2436 3192 exigit,
2481 3108 2672 3174 etiam

440 3211 705 3291 speciale
769 3210 1069 3276 dicamus.
1139 3212 1335 3296 igitur
1403 3212 1690 3295 quotiens
1756 3212 1824 3278 in
1886 3213 2062 3279 metu
2117 3213 2187 3279 in
2242 3210 2549 3295 angustiis
2608 3210 2675 3276 in

437 3311 726 3393 periculis
762 3330 1007 3394 sumus,
1054 3332 1197 3381 eum
1240 3317 1353 3379 aut
1393 3314 1681 3380 ciuitates
1713 3316 1797 3381 ab
1824 3315 2111 3382 hostibus
2157 3313 2523 3381 obsidentur
2564 3316 2674 3379 aut

438 3414 794 3494 prouinciae
859 3416 1256 3499 populatione
1294 3417 1654 3484 uastantur
1726 3420 1834 3482 aut
1906 3416 2395 3500 quibuscumque
2449 3433 2673 3481 -rerum

373 3531 422 3571 ³0
438 3516 918 3584 aduersitatibus
969 3519 1061 3585 rei
1124 3520 1411 3602 publicae
1476 3521 1755 3586 membra
1818 3520 2160 3587 caeduntur
2202 3523 2267 3584 et
2311 3533 2489 3601 opem
2532 3529 2673 3584 cae-

437 3618 614 3685 lestis
652 3638 880 3687 manus
924 3623 1087 3687 uotis
1128 3641 1472 3708 precamur,
1514 3621 1568 3689 si
1598 3640 1718 3706 quo
1758 3639 1969 3689 sacrae
1997 3620 2414 3689 miserationis
2442 3621 2690 3689 auxilio:
2723 3635 2759 3697 ρ

536 3905 567 3958 7
620 3905 859 3961 cohercet
892 3912 1086 3977 punct.
1132 3907 1171 3962 h
1212 3909 1295 3962 A·
1460 3910 1541 3966 ,10
1588 3925 1686 3965 nos
1736 3912 1862 3966 uult
1911 3910 1969 3965 B
2173 3911 2241 3966 12
2292 3910 2673 3967 summiserant

434 3990 543 4044 AB
581 3989 961 4058 (submiserint
999 3993 1145 4055 Ttv)
1258 4041 1261 4044 Α
1350 3994 1420 4052 24
1464 3995 1721 4064 quaedam
1755 3997 1883 4050 sunt
1928 3995 1985 4050 B
2187 3997 2255 4053 25
2298 3997 2673 4053 uoluntatibus

430 4073 717 4130 Halmius:
767 4076 1139 4145 uoluptatibus
1186 4078 1298 4134 AB
1390 4116 1397 4121 ⁴
1454 4107 1458 4112 ·
1519 4081 1587 4135 27
1630 4082 1932 4150 specialem·
1978 4083 2034 4137 Δ
2072 4082 2317 4151 (uidetur
2348 4084 2523 4150 faisse
2556 4098 2673 4153 spe-

434 4158 663 4228 cialiter)
866 4163 1074 4231 quoties
1124 4164 1213 4219 hic
1266 4170 1327 4219 et.
1369 4165 1533 4231 infra
1558 4172 1630 4231 ,53
1665 4170 1749 4222 95
1790 4168 1902 4222 ΑΒ
1995 4201 2002 4206 ,
2089 4167 2431 4237 *imperialis
2484 4171 2537 4224 A

434 4244 503 4298 29
536 4245 837 4314 prouintiae
871 4250 925 4302 Δ
1753 4299 1758 4302 Α
1963 4299 1966 4304 .
2573 4264 2575 4268 ’
