3380 4919
1203 293 1282 346 ad
1316 293 1667 348 ecclesiam
1711 295 1769 348 II
1806 298 1837 359 9
1872 294 2093 350 22-26.
2651 295 2800 362 253⁴

518 482 861 549 deuotieres
929 500 1062 549 esse
1128 501 1237 549 nos
1313 483 1599 549 dominus
1673 483 1795 549 sibi
1869 486 2051 563 uelit,
2127 487 2274 567 quia
2345 486 2479 551 tam
2545 505 2772 570 magno

518 588 910 653 deuotionem
975 589 1253 655 nostram
1321 590 1519 670 pretio
1591 590 1977 670 conparauit.
2039 592 2101 654 et
2170 587 2310 655 ideo
2371 587 2772 655 beatissimus

516 690 752 756 Paulus
824 690 998 773 quis
1066 707 1277 775 erge,
1345 691 1584 773 inquit,
1654 708 1790 757 nos
1857 690 2272 775 separabit
2336 710 2374 755 a
2431 691 2771 757 caritate

515 793 863 860 Christi?
929 794 1364 860 tribulatio
1431 812 1529 859 an
1596 794 1971 877 angustia
2028 812 2118 859 an
2177 794 2632 877 persecutio
2678 814 2769 860 an

470 895 762 962 siam-es
833 914 924 962 an
990 897 1317 963 nuditas
1383 915 1475 961 an
1540 897 1984 980 perieulum
2049 915 2142 963 an
2209 896 2575 981 gladius?
2646 916 2771 963 non

515 1000 830 1080 apostolus
895 1000 1091 1066 solam
1159 1000 1487 1084 pecuniam
1545 1018 1661 1067 nee
1719 1002 1880 1066 solas
1939 999 2151 1066 deberi
2208 1018 2246 1064 a
2285 999 2465 1066 nobis
2511 1002 2768 1068 diuitias

515 1105 625 1169 deo
683 1103 858 1187 dicit,
915 1105 1024 1169 sed
1082 1104 1555 1171 tribulationem
1609 1124 1683 1172 an
1690 1104 1970 1190 gustiam
2027 1106 2264 1171 famem
2302 1103 2583 1187 gladium
2626 1123 2770 1187 pas-

514 1206 753 1271 sionem
836 1206 1202 1272 effusionem
1287 1207 1608 1290 sanguinis
1683 1207 1932 1272 animae
2013 1207 2424 1272 exalationem
2496 1211 2766 1272 mortem

514 1308 777 1392 denique
845 1312 1017 1376 omni
1072 1328 1408 1393 poenarum
1474 1328 1696 1395 genere
1751 1310 2102 1374 conditam:
2173 1313 2338 1374 unde
2395 1310 2766 1393 intellegant

445 1429 726 1478 momnes
792 1413 1069 1495 religiosi
1129 1432 1250 1479 non
1310 1415 1463 1478 satis
1508 1432 1574 1478 se
1634 1413 1744 1478 deo
1802 1413 2076 1490 reddere,
2119 1413 2388 1478 etiamsi
2444 1415 2766 1478 uniuersas

515 1514 799 1579 dederint
841 1517 1192 1595 facultates,
1241 1516 1387 1599 quia
1431 1516 1577 1580 lieet
1621 1534 1734 1580 sua
1777 1515 2004 1579 euneta
2050 1515 2427 1597 dispensent,
2488 1517 2653 1599 ipsos
2699 1534 2766 1581 se

511 1618 724 1683 tamen
769 1619 1014 1685 debent.
1076 1622 1140 1685 et
1178 1621 1336 1699 ide0,
1385 1620 1553 1685 sieut
1581 1639 1769 1702 supra
1800 1620 2002 1684 dicere
2035 1638 2449 1702 coeperamuS,
2493 1619 2545 1683 si
2575 1621 2766 1684 uidua
2782 1616 2896 1687 25:

512 1725 608 1785 est
652 1723 1003 1804 quaepiam,
1062 1742 1450 1808 nequaquam
1507 1722 1630 1789 sibi
1675 1722 1961 1788 sufficere
2005 1723 2084 1786 ad
2130 1725 2448 1788 aeternam
2492 1721 2766 1788 salutem

511 1843 734 1889 nomen
800 1825 1131 1891 uiduitatis
1189 1829 1389 1910 putet,
1457 1825 1566 1891 sed
1627 1828 1839 1891 uideat
1896 1829 2141 1907 qualem
2199 1843 2330 1890 esse
2376 1827 2438 1889 in
2485 1826 2766 1908 apostolo

442 1928 769 1993 isuiduam
813 1931 963 1993 deus
1010 1928 1228 1994 iubeat
1270 1931 1517 1995 dieens:
1587 1947 1785 2011 quae
1830 1948 2012 1993 uere
2058 1929 2300 1994 uidua
2342 1933 2489 2005 est,
2548 1930 2764 1994 deso-

508 2033 676 2096 lata
720 2033 987 2111 sperat
1032 2032 1105 2094 in
1152 2033 1500 2114 domino,
1563 2033 1816 2096 instat
1862 2031 2358 2097 orationibus
2405 2036 2637 2097 noete
2679 2049 2764 2096 ao

510 2133 664 2214 die3
724 2154 898 2200 nam
943 2137 1258 2216 quaein
1306 2135 1634 2200 deliciis
1682 2135 1886 2217 agit,
1946 2135 2227 2199 uiuens
2273 2138 2573 2199 mortua
2619 2139 2757 2200 est.

508 2255 631 2302 uno
677 2238 1009 2321 eodemque
1066 2240 1395 2320 praecepto
1442 2236 1595 2301 duas
1641 2237 1960 2318 apostolus
2008 2236 2237 2302 formas
2282 2236 2612 2301 uiduitatis
2658 2257 2759 2301 ex·

507 2340 753 2422 pressit,
801 2359 993 2406 unam
1039 2341 1209 2404 uitae
1256 2341 1522 2404 alteram
1568 2338 1821 2404 mortis:
1868 2339 1931 2403 in
1951 2339 2201 2403 deliciis
2234 2344 2500 2405 mortem
2530 2340 2757 2421 posuit.

437 2466 489 2505 20
508 2463 653 2528 ergo
686 2443 926 2527 ⁴absque
969 2444 1156 2510 dubio
1202 2443 1470 2510 diuitem
1502 2461 1632 2507 esse
1678 2458 1803 2507 non
1847 2442 1990 2507 uult
2021 2459 2207 2525 quam
2239 2441 2590 2508 deliciosam
2622 2461 2758 2507 esse

507 2565 628 2611 non
674 2547 932 2629 patitur,
978 2546 1125 2629 quia
1169 2548 1368 2612 omnis
1415 2546 1653 2611 fruetus
1700 2545 2070 2611 diuitiarum
2112 2546 2179 2610 in
2215 2564 2333 2610 usu
2378 2548 2477 2611 est
2519 2546 2761 2628 positus

507 2650 900 2724 deliciarum3
961 2651 1196 2731 alioqui
1252 2655 1490 2714 remoto
1551 2667 1671 2714 usu
1728 2649 2093 2714 deliciarum
2138 2666 2355 2713 causae
2399 2667 2596 2731 opum.
2635 2668 2756 2715 non

505 2754 961 2836 relinquuntur.

592 2889 736 2955 VII.
801 2889 954 2955 Cum
1015 2892 1224 2973 itaque
1280 2893 1598 2975 apostolus
1654 2891 1720 2956 in
1764 2889 2003 2957 deliciis
2045 2890 2271 2955 uiduae
2316 2890 2583 2955 mortem
2628 2908 2758 2956 esse
2776 2898 2888 2965 26*

437 2994 967 3072 esmemorauerit‚
1028 2995 1387 3077 promptum
1447 2996 1540 3059 est
1597 2994 1760 3075 quod
1804 2997 1880 3059 ad
1926 2994 2095 3058 uitae
2153 2993 2438 3058 aeternae
2483 2993 2756 3058 fructum

504 3098 649 3162 uult
700 3096 992 3162 uniuersa
1048 3096 1366 3176 distribui,
1430 3096 1535 3179 qui
1582 3116 1703 3162 non
1748 3098 1888 3162 uult
1934 3099 2020 3161 ad'
2055 3095 2273 3160 mortis
2318 3115 2497 3161 usum
2549 3097 2759 3180 aliqua

505 3201 825 3266 reseruari.
903 3204 965 3265 et
1008 3201 1148 3267 ideo
1193 3202 1375 3283 dieitg
1433 3220 1621 3285 quae
1667 3221 1847 3266 uere
1892 3201 2138 3266 uidua
2182 3203 2330 3278 est,
2391 3203 2759 3267 desolata

506 3306 786 3386 sperat
831 3305 906 3368 in
953 3306 1292 3389 domine,
1355 3305 1579 3370 doeens
1639 3303 1880 3369 scilieet
1924 3321 2144 3386 parum
2190 3322 2344 3383 esse,
2405 3306 2457 3369 si
2503 3320 2624 3369 non
2672 3303 2758 3367 sit

706 3518 741 3570 3
792 3516 942 3570 Rom.
979 3516 1027 3582 8,
1065 3516 1134 3569 35
1341 3517 1405 3571 15
1453 3515 1481 3569 Ι
1518 3515 1656 3569 Tim.
1693 3517 1743 3581 5,
1777 3517 1811 3570 5

602 3709 636 3763 2
670 3710 871 3778 praetio
905 3709 961 3763 A
1131 3709 1165 3761 3
1200 3709 1390 3778 inquid
1426 3709 1479 3762 Β
1651 3711 1686 3764 5
1722 3710 1891 3763 fames
1930 3726 1996 3764 ea:
2032 3710 2188 3763 famis
2224 3726 2363 3765 corr.
2394 3728 2462 3766 m.
2493 3716 2529 3765 2
2565 3711 2621 3766 A

499 3796 532 3849 6
577 3795 822 3864 apostulo
871 3797 925 3849 A
1133 3794 1198 3848 17
1243 3794 1444 3850 diliciis
1491 3795 1547 3851 A
1607 3795 1856 3851 dilieitiis
1901 3796 1959 3849 B
2168 3796 2234 3850 19
2261 3802 2388 3865 post
2425 3800 2613 3852 mortis
2648 3809 2755 3854 ree.

498 3896 566 3938 m.
604 3880 737 3936 add.
771 3888 836 3936 eu
882 3882 938 3938 A
1152 3880 1362 3936 deliciis
1399 3897 1468 3936 em
1501 3881 1702 3936 diliciis
1738 3884 1827 3949 (ut
1853 3883 2028 3951 paulo
2067 3889 2190 3951 post
2234 3883 2546 3939 deliciosam
2561 3924 2575 3951 ,
2620 3885 2757 3940 deli·

499 3967 720 4032 ciarum)
769 3983 913 4022 corr.
956 3982 1029 4021 m·
1061 3969 1100 4022 2
1149 3966 1206 4019 A
1410 3967 1474 4022 21
1531 3984 1713 4024 omnes
1764 3968 1821 4022 B
2026 3969 2092 4024 22
2146 3970 2384 4038 alioquin
2432 3986 2499 4025 ea:
2551 3972 2754 4041 alioqui

498 4069 638 4108 corr.
674 4069 744 4107 m.
779 4056 819 4107 2
854 4055 909 4106 A
1059 4101 1067 4110 .
1112 4052 1180 4106 37
1228 4051 1539 4107 diliciarum·
1578 4054 1692 4108 AB
1734 4060 1931 4109 contra
1976 4056 2162 4109 statim
2208 4055 2414 4110 deliciis
2451 4073 2518 4112 ea:
2554 4057 2754 4112 diliciis

497 4141 699 4194 iterum
732 4154 873 4194 corr.
909 4155 978 4192 m.
1003 4141 1041 4193 2
1075 4139 1127 4190 A
1308 4138 1377 4194 25
1411 4144 1718 4208 promptum
1754 4156 1824 4194 ex
1859 4145 2174 4208 prumptum
2208 4158 2348 4197 corr.
2386 4160 2454 4196 m.
2483 4149 2514 4196 1
2548 4149 2612 4198 ut
2636 4144 2754 4199 uid.

498 4225 552 4277 A
587 4241 654 4278 m.
689 4228 726 4279 2
762 4224 819 4278 B
1025 4223 1090 4277 27
1128 4224 1389 4277 reseruari
1427 4240 1494 4278 em
1532 4241 1613 4278 -re
1647 4241 1787 4281 corr.
1827 4242 1891 4279 m.
1928 4230 1969 4282 2
2004 4226 2060 4279 Β
