3380 4919
1041 343 1115 396 de
1150 342 1422 411 gubern.
1460 343 1562 396 dei
1609 341 1688 397 VI
1734 346 1764 407 5
1800 342 2019 399 27-33,
2537 346 2658 411 133

408 532 659 615 uobis,
711 531 840 614 qui
885 531 1206 611 ridetis,
1255 532 1613 613 quoniam
1658 532 1991 598 flebitis.
2070 536 2162 598 et:
2221 533 2476 612 beati,
2525 536 2656 616 qui

406 633 663 715 fletis,
730 636 1104 717 quoniam
1162 633 1570 700 ridebitis,
1648 636 1823 700 nobis
1881 637 2093 702 autem
2147 636 2349 702 ridere
2393 636 2457 700 et
2501 654 2656 720 gau-

405 737 547 802 dere
594 757 715 803 non
761 737 1016 816 sufficit,
1083 736 1205 801 nisi
1251 756 1393 802 cum
1436 737 1689 819 peccato
1747 740 1932 821 atque
1988 739 2054 803 in
2097 738 2343 804 insania
2386 741 2656 821 gaudea-

406 857 561 917 muS,
610 839 731 904 nisi
774 841 934 905 risus
982 842 1190 906 noster
1233 841 1702 923 impuritatibus
1749 842 1867 906 nisi
1913 840 2170 925 flagitiis
2215 841 2566 909 misceatur.

360 982 388 1023 ⁵
489 959 600 1026 Vl.
668 960 804 1041 Qui,
848 979 1014 1045 roge,
1074 961 1175 1027 hic
1221 980 1385 1027 error
1431 962 1545 1041 est,
1608 980 1763 1043 quae
1810 961 2132 1027 stultitia?
2178 960 2480 1044 numquid
2525 962 2652 1027 lae·
2675 967 2760 1032 30

403 1063 531 1128 tari·
570 1063 820 1130 assidue
867 1065 929 1129 et
972 1065 1170 1129 ridere
1202 1083 1326 1129 non
1371 1081 1720 1146 possumus,
1769 1062 1890 1128 nisi
1923 1063 2123 1129 risum
2153 1066 2434 1129 nostrum
2468 1065 2654 1146 atque

403 1164 711 1232 laetitiam
756 1167 957 1232 scelus
1003 1186 1136 1232 esse
1173 1166 1522 1232 faciamus?
1568 1185 1649 1232 an
1680 1167 1841 1233 forte
1870 1169 2325 1233 infructuosum
2357 1170 2651 1250 putamus

402 1271 695 1351 gaudium
742 1271 1000 1352 simplex
1043 1286 1158 1334 nec
1204 1269 1473 1336 delectat
1507 1270 1706 1335 ridere
1736 1270 1870 1334 sine
1904 1270 2205 1335 crimine?
2253 1271 2435 1351 quod,
2484 1287 2652 1354 rogo,

402 1371 517 1436 hoc
559 1374 794 1437 malum
843 1377 937 1437 est
984 1376 1094 1435 aut
1138 1375 1244 1454 qui
1302 1372 1522 1436 furor?
1596 1373 1930 1452 rideamuS,
1991 1392 2241 1457 quaese,
2309 1373 2655 1455 quamlibet

335 1475 874 1540 1oinmensu1·atim
940 1476 1247 1539 laetemur
1315 1477 1658 1556 quamlibet
1736 1476 1998 1559 iugiter,
2077 1478 2408 1542 dummodo
2475 1478 2654 1541 inno-

403 1580 639 1653 center.¹
704 1597 858 1661 quae
904 1578 1193 1643 uecordia
1237 1581 1332 1642 est
1379 1579 1440 1642 et
1485 1579 1775 1656 amentia,
1835 1582 1905 1644 ut
1951 1597 2070 1643 non
2117 1580 2410 1661 putemus
2458 1579 2651 1644 risum

402 1682 461 1744 et
505 1679 803 1764 gaudium
848 1680 1010 1746 tanti
1057 1699 1213 1760 esse,
1261 1681 1383 1745 nisi
1428 1680 1492 1745 in
1540 1700 1606 1745 se
1653 1680 1753 1744 dei
1801 1681 2090 1747 habuerit
2146 1682 2490 1748 iniuriam?
2555 1683 2654 1747 in-

401 1783 625 1847 iuriam
700 1784 916 1865 utique
982 1789 1044 1848 et
1120 1785 1369 1866 quidem
1445 1785 1803 1848 maximam.
1895 1786 1960 1850 in
2034 1785 2407 1868 spectaculis
2483 1786 2651 1851 enim
2674 1792 2751 1857 31

402 1886 777 1968 apostatatio
809 1888 1111 1970 quaedam
1143 1887 1290 1952 fidei
1323 1891 1417 1952 est
1450 1888 1512 1951 et
1544 1905 1581 1952 a
1612 1889 1879 1971 symboli
1925 1886 2124 1973 ipsius
2169 1890 2231 1953 et
2278 1889 2650 1954 caelestibus

336 2009 385 2052 ιε
401 1990 803 2054 sacramentis
863 1990 1071 2055 letalis
1128 1989 1598 2072 praeuaricatio.
1677 2010 1834 2073 quae
1879 1993 1975 2056 est
2022 1994 2189 2056 enim
2232 1993 2297 2056 in
2343 1994 2654 2074 baptismo

401 2092 663 2158 salutari
710 2090 1205 2158 Christianorum
1248 2094 1454 2175 prima
1498 2094 1850 2158 confessio?
1926 2113 2084 2178 quae
2130 2096 2368 2162 scilicet
2413 2095 2533 2160 nisi
2579 2099 2650 2160 ut

400 2195 752 2260 renuntiare
818 2215 882 2260 se
955 2195 1203 2262 diabolo
1270 2214 1341 2261 ac
1405 2197 1650 2279 pompis
1720 2196 1850 2262 eius
1916 2200 1980 2262 et
2035 2197 2405 2280 spectaculis
2462 2199 2648 2280 atque

402 2298 682 2383 operibus
725 2299 1198 2380 protestentur?
1244 2316 1389 2381 ergo
1434 2300 1791 2381 spectacula
1822 2303 1886 2363 et
1930 2318 2190 2384 pompae
2235 2301 2427 2364 etiam
2473 2301 2649 2366 iuxta

399 2404 672 2467 nostram
733 2402 1175 2482 professionem
1238 2419 1420 2485 opera
1476 2402 1625 2467 sunt
1666 2401 1924 2469 diaboli.
2000 2405 2302 2486 quomodo
2347 2403 2564 2487 igitur,
2616 2421 2649 2469 o
2670 2410 2754 2477 32

336 2502 765 2583 ”Christiana
811 2506 1167 2586 spectacula
1211 2506 1353 2586 post
1383 2506 1766 2588 baptismum
1801 2507 2098 2589 sequeris),
2149 2525 2304 2590 quae
2333 2525 2483 2587 opus
2516 2526 2650 2573 esse

402 2606 632 2672 diaboli
702 2607 1066 2673 confiteris?
1132 2608 1510 2674 renuntiasti
1575 2609 1771 2673 semel
1836 2609 2080 2675 diabolo
2149 2610 2214 2674 et
2276 2610 2647 2691 spectaculis

402 2710 548 2792 eius,
618 2729 691 2774 ac
749 2729 859 2792 per
917 2712 1033 2776 hoc
1082 2713 1329 2777 'necesse
1391 2717 1487 2777 est
1541 2713 1615 2777 ut
1659 2715 1931 2796 prudens
1977 2717 2044 2779 et
2086 2714 2304 2798 sciens,
2373 2714 2525 2778 dum
2571 2713 2650 2779 ad

400 2814 749 2895 spectacula
792 2832 1050 2892 remeaS,
1108 2815 1187 2879 ad
1247 2815 1566 2880 diabolum
1611 2818 1675 2880 te
1720 2818 1921 2882 redire
1967 2834 2320 2899 cognoscas.
2398 2816 2649 2899 utrique

401 2917 558 2980 enim
624 2917 712 2980 rei
779 2918 967 2982 simul
1034 2919 1411 2984 renuntiasti
1460 2921 1520 2983 et
1567 2940 1761 2985 unum
1829 2922 2162 3004 utrumque
2220 2941 2352 2986 esse
2412 2922 2650 2989 dixisti.

336 3019 452 3083 2⁵si
515 3021 591 3085 ad
659 3040 854 3084 unum
919 3023 1267 3101 reuerteris,
1343 3025 1418 3087 ad
1483 3024 1818 3106 utrumque
1892 3026 2201 3091 remeasti.
2278 3025 2649 3090 abrenuntio

310 3203 317 3206 .
400 3122 583 3203 enim,
631 3124 851 3205 inquis,
919 3124 1163 3190 diabolo
1219 3125 1464 3208 pompis
1509 3127 1881 3207 spectaculis
1927 3131 1991 3193 et
2036 3130 2318 3211 operibus
2363 3131 2511 3195 eius,
2588 3130 2652 3194 et

399 3227 545 3308 quid
599 3230 864 3310 postea?
941 3230 1142 3308 crede,
1207 3229 1435 3311 inquis,
1493 3230 1559 3293 in
1619 3232 1803 3295 deum
1860 3234 2101 3314 patrem
2159 3233 2647 3315 omnipotentem

399 3333 461 3395 et
503 3331 568 3395 in
613 3332 820 3395 Iesum
868 3329 1187 3397 Christum
1234 3332 1436 3397 filium
1483 3334 1635 3397 eius.
1715 3352 1858 3417 ergo
1922 3336 2199 3417 primum
2257 3336 2648 3399 renuntiatur

396 3431 638 3497 diabolo
682 3437 757 3498 ut
800 3435 1086 3498 credatur
1133 3435 1262 3513 deo,
1323 3434 1469 3517 quia
1512 3436 1618 3517 qui
1664 3455 1787 3501 non
1832 3439 2149 3503 renuntiat
2195 3437 2463 3518 diabole,
2525 3454 2647 3501 non
2668 3443 2752 3508 33

495 3672 529 3726 3
552 3673 714 3739 atque
740 3672 951 3725 insania
974 3673 1026 3726 Β
1049 3679 1115 3727 ut
1138 3673 1254 3728 uid.
1279 3679 1333 3728 et
1356 3690 1476 3728 cum
1502 3673 1621 3731 edd.
1647 3674 1905 3729 Halmius
2087 3676 2121 3729 5
2144 3676 2266 3744 quis
2288 3677 2343 3730 Β
2371 3675 2484 3745 (sed
2506 3675 2650 3730 idem

383 3758 561 3825 paulo
588 3763 716 3827 post
757 3760 851 3827 qui
886 3759 1057 3826 furor)
1265 3761 1466 3814 laetare
1520 3760 1573 3813 A
1781 3763 1815 3815 8
1868 3762 2000 3829 quid
2053 3763 2108 3816 Β
2318 3763 2382 3817 13
2436 3762 2649 3831 quidem

395 3857 460 3896 ex
493 3843 712 3911 quidam
748 3845 803 3898 A
839 3860 975 3900 corr.
1011 3862 1080 3901 m.
1119 3848 1159 3900 2
1369 3846 1431 3900 14
1479 3846 1746 3915 apostatio
1792 3847 2049 3915 quaedam
2095 3850 2176 3902 A:
2231 3849 2490 3918 quaedam
2528 3865 2649 3919 apo·

393 3928 618 3982 statutio
653 3928 710 3983 Β
916 3930 1146 4001 symboli
1193 3933 1305 3986 AB
1352 3930 1422 3998 cf.
1460 3938 1495 3996 ἕ
1531 3934 1599 3987 33
1633 3931 1864 4002 symboli
1901 3938 2233 3989 sacramenta
2271 3934 2549 4004 (symbolis
2585 3936 2649 3989 in

391 4030 425 4068 v
457 4030 528 4068 cx
563 4013 792 4085 symboli
839 4016 1214 4072 Brassicanus
1228 4058 1240 4081 ,
1287 4018 1438 4073 unde
1483 4019 1545 4071 in
1581 4015 1703 4073 edd.
1743 4024 1873 4073 ante
1909 4020 2199 4074 Halmium
2224 4021 2509 4089 peruenit)

395 4099 456 4153 15
509 4101 715 4156 latialis
769 4104 866 4157 sed
916 4120 1085 4173 super
1138 4120 1170 4157 a
1213 4106 1406 4173 priore
1461 4118 1565 4161 scr.
1617 4120 1685 4159 m.
1723 4108 1759 4159 2
1805 4120 1834 4158 o
1881 4107 1935 4160 A
2141 4106 2406 4161 babtismo
2458 4107 2512 4160 Β

393 4186 456 4239 17
502 4190 666 4255 atque
713 4190 1092 4258 exspectaculis
1128 4191 1247 4258 (sic)
1284 4194 1338 4243 et
1384 4188 1631 4259 operibus
1665 4189 1723 4244 Β
1767 4192 2030 4259 (ceterum
2063 4191 2445 4261 exspectaculis
2483 4194 2649 4248 etiam

391 4270 445 4323 A
479 4271 575 4327 sed
597 4274 698 4327 sub
721 4289 782 4328 ex
806 4275 1007 4329 lineola
1032 4276 1222 4345 ducta)
1427 4277 1492 4331 19
1516 4276 1710 4348 igitur]
1739 4293 1863 4345 ergo
1892 4279 1946 4331 Β
2140 4278 2209 4332 27
2247 4279 2418 4333 credis
2454 4279 2509 4332 Β
