3380 4919
666 289 795 355 232
1633 288 1953 342 Saluiani

664 477 893 542 dialem
935 477 1146 541 diuino
1187 479 1427 542 cunctis
1473 496 1732 543 munere
1775 478 1910 543 dari
1955 479 2166 542 nullus
2211 479 2415 555 homo,
2462 482 2535 543 ut
2579 497 2736 555 reor,
2783 499 2920 545 am-

662 578 846 664 bigit,
907 583 1013 662 qui
1071 582 1253 646 modo
1312 581 1379 646 in
1440 581 1780 646 hominum»
1825 600 2160 647 numerum
2217 582 2436 647 referri
2493 586 2724 664 potest.
2798 583 2919 649 nisi

663 683 820 748 forte
865 686 1002 766 quis
1047 687 1262 749 tantae
1308 685 1393 748 sit
1437 685 1802 767 sapientiae,
1849 687 1928 750 ut¹
1966 690 2118 750 cum'
2158 685 2429 750 humano
2473 686 2692 768 generi
2737 704 2920 750 mun-

661 789 778 850 dns
833 786 969 868 ipse
1013 805 1050 849 a
1094 789 1207 851 deo
1265 789 1446 852 datus
1503 789 1607 870 sit,
1674 808 1744 854 ea
1790 807 1945 870 quae
1989 788 2057 852 in
2102 790 2333 853 mundo
2379 793 2527 853 sunt
2561 796 2683 854 'non
2728 808 2766 853 a
2807 792 2920 855 deo

661 889 1019 954 hominibus
1064 891 1212 955 data
1258 892 1618 956 arbitretur.
1690 893 1890 972 igitur
1935 892 1990 957 si
2036 893 2244 958 omnia
2290 892 2576 957 omnibus
2607 893 2756 957 deus
2803 893 2920 957 tri·
2964 917 2990 958 5

660 992 821 1071 buit,
868 995 1106 1058 nemini
1153 995 1412 1059 dubium
1459 997 1573 1078 est,
1634 997 1797 1077 quod
1842 1015 1934 1074 ea,
1995 1015 2151 1078 quae
2195 997 2297 1060 dei
2344 996 2503 1061 dono
2547 997 2916 1077 accepimuS,

662 1097 743 1160 ad
803 1097 903 1160 dei
971 1097 1212 1161 cultum
1281 1097 1506 1162 referre
1573 1099 1867 1163 debemus
1910 1100 1977 1162 et
2015 1101 2081 1162 in
2137 1102 2269 1163 eius
2329 1117 2513 1180 opere
2557 1117 2918 1164 consumere

558 1204 642 1271 25
661 1217 819 1280 quae
887 1200 1161 1264 eiusdem
1225 1201 1602 1282 sumpsimus
1661 1201 1982 1284 largitate,
2047 1203 2160 1265 hoc
2204 1204 2374 1266 enim
2434 1205 2531 1265 est
2587 1219 2919 1283 agnoscere

578 1350 585 1351 f
661 1321 888 1367 munus
943 1304 1044 1368 dei
1087 1307 1151 1366 et
1195 1303 1424 1368 diuinis
1484 1304 1801 1369 beneficiis
1860 1306 2016 1368 bene
2061 1305 2176 1380 uti,
2235 1306 2310 1368 ut
2356 1305 2520 1369 datis
2564 1304 2691 1369 suis
2738 1306 2921 1369 illum

659 1405 955 1489 honores,
1017 1426 1054 1471 a
1098 1425 1218 1488 quo
1262 1409 1408 1472 data
1451 1407 1584 1490 ipsa
1647 1408 1988 1489 acceperis:
2061 1409 2224 1489 quod
2269 1407 2521 1488 quidem
2567 1409 2755 1472 etiam
2802 1408 2920 1472 hu·
2939 1429 2991 1470 10

659 1528 983 1573 manarum
1042 1531 1253 1576 rerum
1311 1513 1591 1594 exempla
1645 1512 1922 1576 edocent.
1992 1512 2046 1575 si
2102 1512 2269 1575 enim
2328 1530 2478 1576 usus
2533 1532 2742 1576 rerum
2801 1512 2918 1575 ali-

661 1630 927 1694 quarum
974 1614 1246 1696 cuipiam
1293 1614 1528 1678 homini
1575 1615 1840 1679 alterius
1883 1614 2152 1680 hominis
2194 1615 2488 1680 beneficio
2523 1633 2597 1679 ac
2627 1615 2921 1698 largitate

661 1715 974 1780 tribuatur
1020 1719 1198 1799 isque
1241 1718 1546 1781 inmemor
1592 1717 1787 1795 illius,
1836 1736 1873 1781 a
1902 1735 2022 1799 quo
2053 1718 2331 1781 fructum
2371 1736 2583 1781 rerum
2627 1718 2918 1799 indeptus

658 1823 787 1896 est,
856 1824 1136 1884 auertere
1195 1819 1271 1883 ab
1335 1838 1404 1884 eo
1469 1821 1600 1901 ipso
1669 1820 2115 1902 proprietatem
2186 1822 2522 1902 praestitae
2577 1820 2670 1884 rei
2732 1822 2919 1901 atque

658 1922 930 1987 alienare
995 1926 1271 2002 conetur,
1334 1941 1535 1987 nonne
1595 1923 2078 2006 ingratissimusv
2120 1926 2399 1989 omnium
2458 1927 2643 2006 atque
2698 1923 2915 1988 infide·
2939 1943 2992 1984 15

656 2024 941 2089 lissimus
1006 2026 1337 2104 iudicetur,
1409 2028 1516 2108 qui
1582 2027 1815 2092 oblitus
1883 2027 2124 2091 scilicet
2189 2027 2457 2092 hominis
2525 2026 2783 2091 benefici
2847 2044 2920 2092 ac

654 2127 1083 2193 liberalissimi
1151 2129 1413 2211 spoliare
1482 2129 1666 2193 illum
1733 2131 1869 2195 iure
1928 2130 2189 2196 dominii
2232 2130 2330 2193 sui
2374 2130 2552 2207 uelit,
2620 2131 2729 2210 qui
2776 2148 2920 2194 eum

555 2235 639 2301 26
656 2232 862 2314 ipsum
906 2251 1055 2296 usus
1100 2233 1486 2314 possessione
1533 2233 1885 2299 ditauerit?
1930 2245 1995 2298 et
2040 2252 2148 2298 nos
2192 2233 2406 2315 itaque
2439 2252 2621 2297 usum
2669 2236 2921 2297 tantum

658 2352 875 2398 earum
918 2354 1127 2399 rerum
1174 2335 1557 2417 accepimuS‚
1615 2354 1770 2416 quas
1818 2336 2137 2410 tenemus;
2207 2334 2621 2400 commodatis
2667 2335 2839 2399 enim
2884 2353 2921 2398 a

657 2438 770 2503 deo
830 2437 1242 2504 facultatibus
1304 2438 1545 2504 utimur
1592 2441 1654 2503 et
1701 2440 1880 2520 quasi
1938 2438 2202 2520 precarii
2257 2456 2634 2521 possessores
2679 2455 2916 2504 sumus.
2936 2462 2989 2502 zo

656 2542 922 2624 denique
968 2544 1355 2626 egredientes
1395 2562 1428 2607 e
1457 2544 1692 2607 mundo
1730 2545 1868 2621 isto,
1916 2542 2184 2607 uelimus
2217 2543 2510 2620 nolimuS,
2560 2541 2664 2607 bic
2696 2545 2919 2606 cuncta

655 2646 1092 2729 relinquimus,
1169 2666 1278 2710 cur
1340 2664 1486 2729 ergo
1546 2665 1690 2711 cum
1747 2663 2128 2727 possessores
2184 2646 2633 2710 usufructuarii
2697 2646 2916 2722 simuS‚

656 2753 817 2830 quod
876 2749 1205 2815 nobiscum
1262 2750 1503 2813 auferre
1563 2767 1686 2813 non
1741 2767 2069 2830 possumus
2129 2754 2413 2814 auertere
2458 2767 2495 2813 a
2536 2750 2919 2830 proprietate

655 2852 888 2918 domini
935 2855 1124 2935 atque
1169 2853 1442 2918 alienare
1488 2855 1921 2936 temptamus?
1979 2871 2088 2916 cur
2128 2871 2254 2917 non
2298 2852 2463 2915 bona
2504 2851 2624 2915 fide
2669 2851 2837 2915 datis
2883 2869 2920 2914 a

657 2955 768 3020 deo
812 2956 1073 3020 resculis
1130 2956 1412 3020 utimur?
1475 2956 1795 3020 tenuimus
1841 2956 2043 3037 quoad
2088 2955 2301 3032 licuit,
2348 2954 2666 3019 tenuimus
2713 2954 2918 3036 quoad
2938 2978 2989 3017 25

552 3060 636 3127 27
656 3059 944 3139 permisit
990 3058 1098 3122 ille
1144 3059 1251 3140 qui
1297 3060 1633 3139 praestitit.
1699 3059 1848 3141 quid
1876 3057 2109 3122 rectius
2140 3058 2292 3139 quid
2337 3057 2680 3135 honestius,
2729 3074 2919 3139 quam

657 3164 728 3225 ut
772 3161 882 3225 ubi
925 3180 1024 3226 res
1073 3161 1150 3226 ab
1209 3181 1281 3228 eo
1341 3162 1625 3240 discedit,
1697 3163 1803 3244 qui
1863 3180 2046 3226 usum
2107 3162 2350 3243 habuit,
2421 3164 2778 3225 reuertatur
2839 3160 2918 3224 ad

656 3281 800 3329 eum
859 3265 1188 3347 possessio,
1263 3267 1370 3348 qui
1427 3266 1732 3330 utendam
1788 3265 2141 3330 concessit?
2208 3265 2472 3346 denique
2515 3268 2705 3330 etiam
2749 3267 2918 3346 ipsae

652 3367 768 3433 hoc
813 3368 910 3434 dei
956 3386 1138 3435 uoces
1172 3388 1283 3451 per
1318 3369 1564 3452 linguas
1609 3369 1968 3434 litterarum
2012 3387 2331 3435 sacrarum
2376 3370 2598 3434 iubent
2643 3369 2919 3433 dicentes

753 3627 788 3679 3
840 3626 1152 3694 ‘sapientiae
1205 3625 1417 3680 ironice
1471 3625 1680 3679 dictum
1734 3639 1843 3678 esse
1897 3609 2012 3677 iam'
2054 3624 2319 3677 Pithoeus
2370 3622 2601 3677 monuit‘
2655 3622 2921 3675 Halmius

653 3712 1020 3780 (insipientiae
1062 3717 1287 3779 praeter
1316 3727 1358 3779 p
1396 3712 1564 3765 etiam
1610 3711 1799 3764 Paris.
1836 3712 1993 3776 2173)
2204 3709 2238 3762 6
2286 3709 2425 3762 dona
2463 3708 2581 3773 (sic)
2628 3705 2918 3774 accipimus

651 3796 707 3851 Β
914 3797 948 3851 8
991 3798 1134 3849 enim
1181 3800 1265 3850 est
1311 3797 1424 3850 AB
1482 3799 1564 3849 est
1605 3796 1747 3848 enim
1790 3796 2054 3849 Halmius
2100 3796 2184 3847 ‘nil
2228 3794 2507 3849 adnotans
2540 3794 2605 3847 im
2638 3798 2919 3860 apparatu

651 3882 839 3935 critico
1022 3885 1056 3935 9
1095 3882 1363 3936 beneficiis
1400 3898 1466 3936 ex
1503 3881 1748 3936 beneficis
1784 3896 1923 3934 corr.
1960 3898 2029 3934 m.
2054 3883 2094 3934 2
2129 3882 2184 3933 A
2366 3880 2438 3933 20
2469 3895 2724 3948 praecaru
2756 3879 2839 3933 lit.
2876 3896 2915 3932 u

652 3983 718 4021 ex
738 3973 896 4035 parte
921 3983 1056 4023 eras.
1095 3969 1150 4020 A
1327 3970 1392 4022 21
1431 3968 1765 4023 hifflocuncta
1799 3968 1854 4019 A
1907 3966 2031 4020 hinc
2067 3970 2259 4021 cuncta
2294 3964 2390 4021 sed
2417 3970 2618 4034 punct.
2654 3981 2690 4018 n
2725 3966 2780 4018 B

651 4052 721 4105 22
749 4059 877 4120 post
913 4068 1232 4121 possessores
1266 4069 1309 4108 s.
1331 4055 1367 4108 l.
1391 4072 1457 4108 m.
1487 4058 1527 4108 2
1582 4056 1799 4107 tantum
1822 4052 1950 4108 add.
1976 4054 2031 4105 A
2057 4053 2226 4122 (quod
2250 4054 2456 4121 recepit
2480 4052 2780 4114 Baluzius)

653 4137 1018 4192 usufructuari
1032 4180 1045 4205 ,
1083 4140 1200 4207 (sic)
1239 4154 1282 4193 s,
1317 4140 1337 4192 i
1373 4154 1474 4194 scr.
1512 4156 1542 4194 o
1593 4141 1649 4195 A
1855 4139 1925 4193 25
1970 4139 2187 4193 resculis
2226 4140 2448 4206 priores
2487 4143 2677 4206 punct.
2723 4138 2780 4191 B

654 4224 722 4278 28
757 4223 1016 4278 utendam
1051 4241 1175 4278 cum
1202 4241 1262 4293 p,
1299 4231 1363 4279 ut
1398 4224 1533 4292 uid„
1571 4226 1860 4280 Halmius:
1914 4223 2113 4278 utenda
2150 4225 2259 4278 AB

388 4507 873 4690 sx-
