3380 4919
1162 330 1239 383 ad
1275 329 1626 384 ecclesiam
1672 330 1793 384 IIII
1831 333 1861 394 ἓ
1896 329 2049 386 3-8.
2608 333 2733 397 303

483 522 622 586 cani
676 523 740 585 in
797 519 1067 603 pueritia
1128 538 1250 584 non
1308 520 1377 584 in
1432 521 1774 600 iuuentate,
1846 538 1968 585 non
2030 522 2096 584 in
2140 521 2315 585 statu
2383 539 2589 585 rerum
2634 522 2734 585 in-

479 624 820 690 columium
886 642 1008 689 non
1064 623 1129 688 in
1190 624 1704 706 prosperitatibus
1761 624 2215 689 secundorum?
2282 625 2523 690 scilicet
2588 626 2735 707 quia

478 729 547 792 in
614 727 709 791 his
776 727 1063 792 omnibus
1128 726 1428 810 quidquid
1502 728 1794 792 laudatur
1867 728 2177 792 incertum
2246 731 2355 793 est.
2432 728 2734 808 quamdiu

480 833 643 896 enim
690 829 829 911 quis
877 831 1157 895 subiacet
1203 831 1557 909 mutationi,
1614 850 1735 896 non
1781 831 1989 913 potest
2033 850 2173 895 cum
2220 830 2551 896 securitate
2595 833 2734 897 lau-

434 936 611 1000 sdari
656 935 720 998 et
764 933 916 1007 ideo,
965 939 1035 998 ut
1082 933 1193 1012 ait,
1252 934 1652 1016 sapientia
1710 934 1804 999 in·
1845 935 2059 999 exitu
2119 934 2454 998 canitur.
2528 935 2733 999 exiens

481 1038 650 1102 enim
707 1038 844 1119 quis
908 1037 983 1101 de
1040 1038 1298 1102 incertis
1362 1037 1783 1119 periculorum
1844 1039 2085 1102 certum
2147 1036 2488 1101 merebitur
2547 1056 2734 1101 euasa

480 1142 760 1206 omnium
803 1160 1012 1207 rerum
1059 1142 1364 1207 uarietate
1400 1141 1785 1225 suffragium,
1837 1142 1981 1224 quia
2011 1142 2151 1205 tum
2182 1141 2426 1206 stabilis
2460 1143 2524 1205 et
2553 1140 2734 1206 firma

478 1247 612 1309 laus
681 1248 794 1324 est,
866 1247 1111 1326 quando
1178 1245 1479 1312 meritum
1546 1246 1673 1311 iam
1741 1264 1863 1311 non
1929 1247 2135 1327 potest
2205 1244 2407 1326 perire
2467 1245 2729 1310 laudati.

479 1348 921 1432 sapientia,
989 1349 1211 1431 inquit,
1282 1350 1358 1413 in
1418 1348 1632 1413 exitu
1692 1350 2025 1414 canitur.
2096 1349 2243 1429 quid
2304 1353 2418 1430 est,
2488 1356 2790 1431 quaeso,7

408 1476 461 1516 ιο
478 1451 781 1534 sapientia
826 1451 1210 1517 Christiani?
1278 1454 1426 1535 quid
1485 1452 1605 1517 nisi
1661 1453 1853 1517 timor
1913 1453 1979 1517 et
2022 1469 2195 1516 amor
2239 1449 2520 1516 Christi?
2585 1452 2732 1515 ini-

479 1556 674 1620 tium
732 1556 964 1636 enim,
1023 1556 1246 1639 inquit,
1309 1557 1757 1639 sapientiae
1815 1559 2049 1620 timor
2094 1555 2420 1622 domini:
2470 1558 2532 1617 et
2579 1552 2732 1618 alibi

478 1659 866 1742 perfecta,
914 1659 1137 1742 inquit,
1187 1660 1521 1724 dilectio
1567 1659 1783 1725 foras
1826 1659 2086 1723 mittit
2131 1660 2512 1724 timorem.
2586 1675 2732 1741 ergo

477 1763 551 1826 ut
591 1764 894 1841 uidemuS,
949 1763 1203 1828 initium
1248 1763 1585 1846 sapientiae
1632 1765 1728 1828 est
1775 1764 1839 1827 in
1883 1763 2107 1827 timore
2155 1760 2391 1827 Christi
2434 1759 2730 1844 perfectio

475 1865 543 1930 in
587 1884 815 1930 amore.
882 1869 1095 1948 itaque
1142 1868 1196 1932 si
1242 1867 1548 1949 sapientia
1580 1867 1923 1933 Christiani
1970 1869 2156 1932 timor
2189 1868 2283 1931 est
2328 1868 2514 1949 atque
2558 1884 2733 1931 amor

408 1989 457 2030 ιε
476 1969 729 2047 domini,
777 1969 871 2034 ita
915 1971 1168 2036 demum
1211 1989 1358 2035 uere
1402 1970 1713 2053 sapientes
1760 1989 1995 2051 sumuS,
2042 1970 2098 2034 si
2146 1971 2327 2035 deum
2374 1988 2617 2051 semper
2662 1987 2732 2032 ac

476 2091 658 2155 super
704 2072 917 2137 omnia
961 2073 1319 2157 diligamuS,
1367 2078 1429 2137 et
1475 2074 1590 2138 hoc
1638 2093 1783 2138 cum
1828 2074 1999 2139 omni
2044 2077 2323 2155 tempore
2369 2077 2507 2136 tum
2551 2091 2731 2155 prae-

476 2177 650 2258 cipue
695 2178 761 2240 in
807 2177 975 2241 exitu
1021 2180 1253 2254 nostro,
1302 2178 1447 2259 quia
1493 2178 1800 2258 sapientia
1843 2177 1908 2240 in
1956 2178 2123 2241 exitu
2170 2177 2428 2240 canitur.

560 2297 646 2361 ΙΙ.
709 2295 772 2362 Si
833 2316 977 2381 ergo
1035 2297 1346 2379 sapientia
1407 2317 1515 2378 per
1559 2298 1672 2362 hoc
1720 2300 1985 2361 maxime
2030 2298 2097 2360 in
2143 2297 2313 2361 exitu
2360 2295 2625 2375 canitur,
2674 2297 2788 2370 si8

477 2399 622 2465 deus
669 2418 850 2484 super
896 2400 1105 2467 omnia
1151 2400 1470 2485 diligatur,
1531 2420 1687 2483 quae
1748 2401 1945 2483 igitur
1989 2400 2236 2464 insania
2281 2403 2396 2481 est,
2443 2401 2514 2464 ut
2560 2397 2730 2464 dIcat

404 2527 457 2566 20
477 2503 704 2584 aliquis
750 2502 1071 2569 Christum
1110 2504 1346 2569 carnali
1391 2504 1845 2587 propinquitati
1875 2503 2170 2586 praeponi
2201 2504 2277 2567 ab
2306 2502 2729 2568 incolumibus

476 2608 775 2687 oportere,
822 2627 858 2672 a
902 2609 1314 2673 morientibus
1363 2628 1483 2673 non
1532 2607 1802 2673 debere?
1849 2625 1957 2672 cur
1988 2607 2155 2671 enim
2186 2626 2328 2670 eum
2374 2606 2730 2689 praeferant

475 2709 835 2787 incolumeS,
893 2711 947 2774 si
1003 2729 1124 2775 non
1183 2711 1411 2775 debent
1456 2710 1768 2792 praeferre
1811 2710 2190 2775 morientes?
2267 2711 2377 2775 aut
2423 2711 2477 2773 si
2523 2712 2727 2792 potest

478 2813 784 2895 quispiam
830 2814 1118 2895 religiose
1163 2816 1421 2893 agnatos
1468 2815 1654 2896 atque
1700 2813 1930 2878 adfines
1965 2825 2107 2879 suos
2140 2812 2386 2878 Christo
2415 2814 2482 2877 in
2528 2813 2727 2877 morte

477 2934 868 2999 praeponere,
932 2935 1040 2981 cur
1099 2935 1218 2982 non
1276 2918 1563 3000 religiose
1627 2919 1823 2982 etiam
1869 2921 2013 2982 ante
2060 2919 2446 3000 praeponat?
2521 2916 2634 2981 aut
2677 2917 2731 2980 si

405 3024 573 3086 west
631 3019 764 3084 ulla
827 3020 976 3084 hora
1031 3021 1095 3085 in
1141 3021 1276 3085 uita
1320 3023 1566 3103 ultima,
1641 3038 1764 3101 qua
1829 3021 1966 3103 quis
2035 3021 2176 3103 plus
2244 3020 2401 3085 alios
2470 3020 2727 3104 diligere

475 3123 692 3187 debeat
737 3142 924 3205 quam
971 3142 1037 3189 se
1080 3127 1288 3205 ipsum
1333 3125 1443 3189 aut
1488 3122 1690 3206 deum,
1739 3143 1848 3189 cur
1891 3142 2013 3188 non
2044 3127 2108 3189 et
2150 3124 2216 3188 in
2253 3124 2391 3189 uita
2421 3125 2728 3189 anteriore

682 3308 747 3362 10
782 3308 925 3363 Psal.
966 3309 1081 3374 110,
1122 3309 1187 3364 10
1395 3309 1457 3364 12
1492 3308 1520 3362 I
1558 3309 1675 3363 Ioh.
1712 3309 1765 3376 4,
1802 3311 1867 3363 18

477 3479 648 3548 magis
683 3479 856 3533 facere
893 3495 1014 3533 eum
1050 3480 1137 3533 uel
1173 3480 1232 3533 in
1269 3480 1412 3535 exitu
1450 3496 1544 3533 suo
1583 3482 1853 3542 conuenit,
1891 3483 1952 3533 ut
1988 3481 2128 3549 quod
2167 3481 2285 3534 uita
2320 3481 2587 3534 anteriore
2620 3496 2727 3533 non

475 3565 726 3630 reddidit,
777 3565 966 3619 saltem
1002 3565 1059 3617 in
1096 3567 1435 3621 extremitate
1483 3567 1778 3636 persoluat:
1824 3572 1879 3619 et
1922 3568 2013 3634 qni
2050 3582 2110 3619 ex
2145 3567 2244 3620 hoc
2279 3582 2401 3619 reus
2437 3571 2535 3630 est,
2585 3569 2728 3633 quod

477 3656 601 3704 ante
635 3651 886 3719 neglexit,
932 3652 1016 3704 uel
1054 3667 1145 3719 per
1180 3652 1279 3706 hoc
1315 3653 1554 3707 excusari
1590 3652 1930 3720 aliquatenus
1965 3653 2179 3706 domino
2215 3669 2308 3705 suo
2345 3653 2532 3721 possit,
2582 3653 2728 3721 quod

478 3739 818 3805 praeteritam
866 3738 1323 3792 inhumanitatem
1370 3740 1568 3793 ultima
1610 3739 1804 3793 saltem
1840 3739 2117 3792 deuotione
2154 3740 2473 3807 compenset.
2533 3739 2622 3792 sed
2660 3739 2729 3793 ad

475 3823 742 3889 superiora
787 3822 1075 3877 redeamus.
1138 3824 1420 3891 sapientia,
1476 3825 1656 3892 inquit
1706 3840 1876 3877 sermo
1925 3824 2159 3889 diuinus,
2212 3823 2270 3877 in
2319 3823 2467 3877 exitu
2515 3825 2729 3878 canitur

474 3909 573 3962 hoc
608 3907 981 3963 additamento
1016 3914 1202 3962 carent
1237 3910 1346 3961 AB

576 4005 599 4056 1
640 4004 917 4057 iuuentate
952 4004 1033 4057 A:
1087 4004 1371 4058 iuuentute
1409 4006 1740 4060 BHalmius
1803 4068 1811 4076 ,
1944 4006 1978 4059 5
2021 4006 2080 4058 in
2133 4005 2278 4059 exitu
2311 4021 2353 4059 s.
2389 4006 2424 4060 Ζ.
2461 4023 2529 4060 m.
2571 4012 2600 4060 1
2641 4008 2731 4062 uel

470 4091 509 4141 2
544 4090 671 4144 add.
710 4089 766 4143 A
948 4091 978 4143 7
1014 4093 1133 4143 tum
1170 4106 1237 4144 ex
1272 4091 1400 4144 dum
1436 4108 1578 4146 corr.
1602 4109 1670 4145 m.
1696 4096 1733 4146 2
1766 4093 1822 4146 Β
2005 4092 2071 4145 18
2107 4092 2195 4145 Sic
2231 4108 2298 4146 ex
2335 4092 2393 4145 Si
2430 4109 2569 4148 corr.
2596 4111 2663 4148 m.
2692 4097 2733 4147 2

471 4173 527 4226 Β
694 4175 764 4228 24
799 4176 1153 4244 praeponebat
1190 4176 1246 4229 Β
1416 4177 1484 4231 26
1520 4180 1613 4231 aut
1637 4179 1758 4246 (sic)
1797 4179 1954 4233 deum
1990 4179 2128 4234 AB:
2160 4182 2237 4233 vet
2274 4196 2396 4234 cum
2433 4180 2554 4235 edd.
2591 4181 2733 4235 Hal-

469 4260 611 4314 mius
644 4262 726 4314 nil
762 4261 1037 4316 adnotams
1242 4265 1337 4316 aut
1373 4264 1430 4316 in
1472 4263 1587 4317 uita
1623 4264 1676 4317 Β
