3380 4919
603 239 688 303 48
1579 235 1893 288 Saluiani

606 446 715 510 pro
746 426 1024 492 Christo:
1057 426 1339 492 Christus
1382 445 1489 509 pro
1536 427 1713 492 nobis
1761 425 2166 490 contumelias
2210 443 2430 506 passus
2478 426 2592 510 est,
2641 427 2703 492 et
2747 427 2863 493 hoc

607 532 741 615 ipse
799 549 908 614 pro
966 530 1248 596 Christo:
1306 528 1587 594 Christus
1654 547 1763 612 pro
1825 529 2001 593 nobis
2066 529 2415 610 passionem
2475 533 2862 612 mortemque

606 635 922 708 tolerauit,
971 635 1036 698 et
1077 635 1191 699 hoc
1236 634 1369 716 ipse
1413 651 1523 714 pro
1555 631 1821 697 Christo.
1871 637 1933 696 et
1962 631 2099 698 ideo
2131 650 2252 696 non
2283 632 2417 697 sine
2449 636 2640 698 causa
2671 633 2862 699 meri-

606 740 814 802 torum
858 754 1110 801 suorum
1155 735 1438 801 conscius
1486 734 1671 799 dicit:
1732 739 2027 800 certam
2046 754 2079 798 6
2097 755 2138 800 11
2193 735 2231 798 b
2250 754 2475 801 onum
2522 736 2861 818 certaui,

606 841 841 905 fidem
886 840 1235 904 seruaui:
1283 839 1371 902 (16
1417 839 1680 921 reliqu
1700 856 1734 902 o
1779 839 2141 919 reposita
2188 842 2310 903 est
2353 839 2542 903 mihi
2574 857 2863 905 corona
2906 860 2933 901 ⁵

506 945 584 1010 18
605 944 681 1007 iu
697 942 934 1008 stitia
951 960 1004 1009 6.
1084 943 1293 1024 itaque
1337 960 1479 1007 cum
1522 941 1630 1006 1116
1677 941 2002 1007 Christum
2046 942 2137 1007 sic
2181 941 2473 1007 imitatus
2516 943 2634 1019 sit,
2682 942 2859 1007 uide-

605 1064 780 1110 amus
844 1045 983 1128 quis
1049 1049 1332 1110 nostrum
1390 1044 1654 1126 apostoli
1697 1045 1981 1110 imitator
2025 1048 2335 1129 appareat.
2425 1045 2645 1110 scribit
2691 1045 2861 1110 enim

601 1150 732 1230 ipse
780 1152 853 1214 de
898 1167 962 1213 se
1007 1149 1281 1231 primum
1300 1197 1315 1226 ,
1373 1149 1535 1230 quod
1596 1149 1758 1214 nulli
1800 1149 2038 1213 dederit
2096 1168 2394 1231 umquam
2452 1149 2856 1214 offensionem

569 1232 580 1248 ¹
603 1253 708 1316 sed
754 1252 822 1316 in
867 1252 1156 1317 omnibus
1203 1252 1551 1317 exhibuerit
1597 1271 1662 1316 36
1708 1254 1873 1317 sicut
1918 1252 2016 1317 dei
2059 1253 2424 1318 ministrum
2453 1255 2520 1318 in
2550 1252 2863 1337 patientia

603 1356 807 1420 multa
861 1357 926 1420 in
983 1355 1490 1422 tribulationibus
1546 1357 1612 1420 in
1677 1356 2153 1422 necessitatibus
2209 1357 2277 1421 in
2333 1358 2539 1440 plagis
2595 1356 2662 1421 in
2723 1375 2859 1421 car·
2880 1379 2931 1418 16

503 1464 584 1528 19
606 1461 841 1525 ceribus
886 1460 950 1523 in
997 1459 1494 1525 lacerationibus,
1546 1463 1612 1523 et
1657 1458 1840 1538 alibi,
1897 1459 2046 1523 dum
2094 1479 2158 1524 se
2203 1461 2341 1525 aliis
2389 1464 2726 1542 comparat,
2772 1459 2860 1523 sic

604 1563 723 1628 ait:
783 1564 856 1627 in
922 1580 1064 1645 quo
1124 1563 1297 1650 quis
1343 1561 1615 1641 audet,
1674 1562 1757 1626 in
1812 1562 2292 1644 insipientia
2353 1564 2553 1643 dic0‚
2614 1564 2857 1627 audeo

603 1667 679 1730 et
724 1685 893 1748 ego;
938 1668 1023 1730 ut
1067 1668 1314 1730 minus
1359 1667 1571 1746 sapie
1591 1684 1675 1730 ns
1724 1664 1929 1743 dico,
1979 1667 2223 1750 magis
2271 1686 2434 1750 ego;
2500 1669 2572 1730 in
2628 1667 2857 1730 labo-

603 1770 824 1832 ribus
899 1767 1275 1850 plurimis
1305 1816 1320 1845 ,
1409 1766 1488 1831 in
1563 1769 2033 1834 carceribus
2123 1768 2663 1835 abundantius
2686 1818 2702 1851 ‚
2780 1769 2858 1831 in

603 1871 872 1952 plagis
948 1890 1187 1952 supra
1248 1873 1549 1936 modum
1580 1920 1597 1954 ,
1671 1871 1751 1934 in
1818 1873 2204 1937 mortibus
2271 1873 2496 1954 frequ
2516 1876 2750 1937 enter.
2822 1891 2926 1935 au>

603 1975 795 2039 Iuda
816 1978 924 2038 613
970 1974 1400 2056 quinquies
1448 1977 2004 2057 quadragenas
2063 1993 2207 2038 una
2265 1976 2522 2039 minus
2570 1975 2853 2056 accepi.

602 2083 727 2142 ter
787 2077 1038 2160 uirgis
1096 2094 1376 2141 caesus
1434 2095 1629 2156 sum,
1685 2078 1928 2141 semel
1984 2079 2428 2158 lapidatuS‚
2492 2080 2614 2142 ter
2667 2095 2859 2142 nau-

603 2182 636 2245 f
640 2202 670 2245 r
684 2201 720 2246 a
736 2181 810 2262 gi
824 2199 866 2244 u
880 2200 943 2244 m
1000 2180 1033 2243 f
1044 2199 1075 2244 6
1089 2198 1122 2243 6
1136 2180 1177 2242 1.
1265 2197 1409 2243 sane
1425 2227 1440 2257 ,
1504 2180 1619 2244 etsi
1676 2180 1753 2244 de
1811 2181 2035 2245 ceteris
2097 2199 2247 2263 quas
2310 2182 2463 2247 dixit
2515 2181 2855 2246 uirtutibus

602 2286 956 2366 apostolicis
1001 2283 1161 2349 nihil
1206 2283 1490 2363 facimus,
1539 2283 1608 2348 in
1653 2284 1769 2349 hoc
1812 2288 2028 2350 tamen
2072 2303 2214 2365 uno,
2262 2285 2370 2349 ubi
2399 2285 2714 2367 apostolus
2761 2289 2859 2348 ter

602 2389 1003 2474 naufragasse
1050 2408 1115 2453 36
1161 2386 1353 2467 dixit,
1379 2427 1384 2431 -
1409 2389 1602 2451 etiam
1647 2387 1895 2453 uincere
1938 2406 2289 2471 possumus,
2379 2407 2501 2453 non
2547 2388 2714 2452 enim
2758 2390 2856 2451 ter
2877 2411 2928 2450 20

601 2493 1031 2559 tantummodo
1092 2490 1603 2574 naufragauimus
1621 2539 1636 2570 ‚
1706 2511 1968 2574 quorum
2022 2509 2216 2573 paene
2273 2493 2472 2557 omnis
2524 2492 2655 2555 uita
2701 2509 2854 2554 nau-

600 2597 870 2679 fragium
916 2599 1038 2660 est:
1085 2597 1150 2660 in
1198 2599 1449 2659 tantum
1494 2597 1720 2677 quippe
1753 2595 1972 2661 uitiose
2019 2599 2097 2662 ab
2144 2594 2431 2660 omnibus
2472 2592 2732 2673 uiuitur,
2777 2593 2851 2655 ut

596 2717 784 2783 prope
849 2698 1057 2762 nullus
1115 2696 1611 2763 Christianorum
1679 2701 1760 2763 sit
1822 2699 1927 2780 qui
1997 2718 2119 2763 non
2179 2696 2407 2779 iugiter
2472 2694 2847 2778 naufragare

602 2802 907 2866 uideatur.

497 2944 582 3009 20
686 2939 762 3002 V.
810 2935 931 3001 Sed
975 2936 1128 3001 dicit
1174 2935 1434 3001 fortasse
1481 2936 1729 3019 aliquia,
1781 2956 1905 3001 non
1948 2938 2014 3001 id
2046 2956 2175 3002 esse
2213 2955 2375 3001 nunc
2420 2937 2738 3018 temporiS‚
2789 2937 2929 2999 ut25

597 3060 706 3126 pro
754 3040 998 3106 Christo
1058 3058 1169 3104 nos
1232 3040 1646 3123 perferamuS‚
1709 3058 1864 3122 quae
1918 3044 2070 3105 tunc
2126 3040 2387 3122 apostoli
2445 3039 2856 3120 pertulerunt.

597 3163 819 3208 uerum
867 3145 995 3223 est3
1046 3162 1168 3208 non
1215 3144 1384 3207 enim
1429 3148 1574 3207 sunt
1620 3143 1845 3227 pagani
1888 3144 2196 3226 principes
2243 3162 2365 3208 non
2419 3142 2672 3225 tyranni
2717 3160 2857 3222 per-

601 3248 929 3328 secutores,
978 3262 1101 3309 non
1147 3246 1401 3326 sanguis
1447 3248 1812 3310 sanctorum
1856 3245 2135 3315 funditur
2180 3264 2290 3309 nec
2333 3245 2484 3310 fides
2530 3244 2853 3326 suppliciis

601 3348 1055 3432 comprobatur.
1105 3348 1430 3413 contentus
1477 3348 1573 3411 est
1616 3348 1769 3413 deus
1816 3350 2041 3429 noster,
2089 3353 2159 3414 ut
2206 3350 2263 3413 ei
2306 3367 2426 3431 pax
2469 3352 2680 3412 nostra
2724 3365 2851 3410 ser-

802 3553 838 3605 4
872 3552 929 3605 II
967 3546 1108 3604 Timss
1146 3551 1197 3616 4,
1235 3550 1266 3602 7
1478 3553 1509 3605 7
1545 3552 1606 3605 II
1643 3551 1765 3606 Cor.
1804 3552 1836 3605 6
2046 3539 2110 3605 12
2145 3549 2202 3603 II
2240 3550 2354 3604 Cor.
2395 3551 2477 3616 11,
2516 3551 2579 3604 21

700 3741 734 3793 8
769 3740 832 3793 (16
868 3757 924 3793 36
963 3741 1078 3808 ipse
1114 3741 1170 3793 Β
1354 3756 1646 3809 numquam
1684 3740 1891 3795 dederit
1925 3740 1979 3793 Β
2173 3739 2239 3793 13
2273 3740 2466 3809 magis]
2504 3741 2624 3809 plus
2659 3741 2715 3794 Β

605 3826 666 3879 14
700 3825 1105 3879 habundantius
1138 3827 1194 3879 A
1402 3828 1466 3881 15
1502 3826 1846 3879 immortibus
1882 3826 1937 3879 A
1994 3825 2053 3878 in
2088 3825 2329 3879 moribus
2365 3826 2421 3879 Β
2629 3827 2695 3880 16
2731 3842 2858 3895 qua-

599 3912 858 3980 dragenas
888 3914 1047 3980 (corr.
1075 3928 1141 3966 eae
1169 3912 1510 3981 quadragena
1531 3930 1599 3967 m.
1625 3916 1684 3978 2)
1722 3917 1831 3967 una
1864 3912 1919 3965 A
2114 3914 2177 3966 18
2200 3912 2303 3966 etsi
2329 3928 2397 3966 ex
2420 3915 2476 3967 et
2498 3914 2553 3967 Β
2579 3929 2718 3978 corr.

597 3997 666 4052 20
701 4003 782 4051 ter
819 4014 918 4054 om,
957 3997 1013 4050 Β
1217 4000 1282 4052 21
1323 3999 1701 4052 naufrauimus
1739 3998 1794 4050 B
1998 3998 2067 4052 26
2103 3997 2317 4052 Christo
2353 4013 2448 4051 nos
2484 3999 2563 4052 B:
2618 3998 2853 4053 Christi-

598 4099 727 4136 anos
763 4084 816 4136 A
850 4100 919 4136 m.
944 4087 977 4137 1
1036 4082 1360 4139 Christianis
1395 4102 1465 4139 m.
1490 4088 1530 4138 2
1737 4084 1801 4137 27
1840 4085 2101 4155 principes
2135 4086 2337 4154 pagani
2373 4085 2428 4138 B
2620 4084 2688 4137 29
2728 4083 2854 4136 (16113

598 4172 782 4223 noster
817 4172 900 4223 est
938 4170 993 4222 Β
