3380 4919
640 313 767 378 288
1612 308 1929 362 Saluiani

638 518 762 564 non
794 500 1041 564 tantum
1074 498 1227 563 filiis
1255 500 1366 563 aut
1397 499 1744 580 nepotibuS,
1782 499 1944 581 quod
1975 498 2053 564 ob
2084 501 2342 564 naturae
2372 498 2893 565 necessitudinem

638 605 790 669 ferri
841 607 1072 688 potest,
1131 604 1241 668 sed
1297 604 1487 668 etiam
1536 604 1790 686 agnatis
1836 605 1900 668 et
1945 602 2252 687 cognatis,
2312 622 2509 685 neque
2554 604 2777 680 solum,
2824 605 2896 667 ut

638 708 836 785 aiunt,
886 725 957 770 ex
1002 707 1242 772 directo
1285 706 1395 771 sed
1440 706 1634 770 etiam
1666 723 1740 770 ex
1772 705 2020 788 obliquo
2066 709 2131 771 et
2168 724 2242 770 ex
2287 708 2658 785 transuersO,
2702 707 2902 773 immo

637 812 847 893 potius
891 829 964 874 ex
1008 828 1226 875 auerso
1282 826 1702 892 peruersoque
1755 808 2158 874 uenientibus
2215 828 2316 873 res
2359 812 2645 892 propriae
2691 808 2900 874 facul-

534 911 618 979 58
639 914 808 996 tatis,
854 913 921 977 id
968 917 1062 977 est
1106 915 1379 996 pretium
1423 930 1570 977 suae
1614 911 2069 994 redemptionis
2114 913 2431 979 addicunt.
2476 931 2589 978 nec
2633 913 2902 978 interest

636 1035 829 1099 paene
892 1017 1020 1081 iam
1081 1015 1247 1098 apud
1315 1016 1595 1081 homines
1660 1015 1889 1099 quibus
1956 1017 2306 1094 consulant,
2377 1019 2708 1082 dummodo
2778 1015 2900 1081 sibi

639 1118 889 1184 omnino
933 1139 1057 1185 non
1103 1121 1444 1186 consulant.
1520 1121 1575 1186 si
1619 1119 1730 1202 qui
1774 1120 1941 1185 enim
1986 1139 2059 1185 ex
2102 1122 2261 1201 istie,
2308 1124 2385 1189 de
2429 1121 2658 1204 quibus
2700 1120 2900 1203 loqui-

742 1391 775 1444 2
819 1391 950 1445 ferri
986 1408 1054 1446 ex
1088 1392 1229 1446 ferre
1264 1408 1400 1447 corr.
1438 1410 1505 1448 m.
1543 1397 1583 1447 2
1617 1394 1672 1447 B
1881 1394 2099 1464 agnatis
2135 1411 2178 1450 8.
2215 1395 2250 1451 l.
2288 1412 2357 1448 m.
2394 1399 2427 1448 1
2461 1394 2515 1447 A
2720 1392 2758 1446 4
2804 1392 2898 1446 ad·

639 1494 793 1532 uerso
831 1495 898 1534 ex
933 1495 1118 1532 auerso
1153 1495 1290 1534 corr.
1327 1497 1395 1533 m.
1433 1482 1473 1533 2
1510 1479 1565 1532 B
1774 1480 1809 1534 5
1843 1482 2111 1549 praetium
2146 1481 2203 1534 A
2401 1485 2533 1549 post
2566 1479 2827 1533 addicunt
2854 1494 2900 1548 p

641 1571 690 1619 et
725 1563 845 1619 edd.
884 1571 1016 1619 ante
1051 1565 1370 1620 Halmium.-
1406 1566 1548 1618 sicut
1585 1565 1849 1634 scriptum
1884 1568 1992 1619 est:
2028 1581 2134 1619 non
2160 1565 2311 1619 dedit
2336 1565 2435 1618 deo
2460 1565 2901 1634 propitiationem

639 1666 790 1704 suam
828 1654 885 1704 et
917 1653 1150 1720 pretium
1186 1652 1568 1721 redemptionis
1603 1652 1814 1706 animae
1850 1668 1989 1706 suae.
2028 1654 2086 1706 et
2106 1653 2267 1721 paulo
2291 1653 2442 1720 post=
2479 1651 2657 1715 simul,
2697 1651 2898 1720 inquit,

638 1738 901 1807 insipiens
944 1739 1002 1791 et
1045 1737 1252 1791 stultus
1300 1738 1566 1805 peribunt,
1613 1742 1670 1793 et
1720 1739 2025 1807 relinquent
2058 1738 2249 1793 alienis
2288 1738 2515 1792 diuitias
2551 1754 2690 1803 suas,
2726 1740 2780 1790 et
2816 1751 2904 1790 se·

638 1822 861 1890 pulchra
913 1839 1095 1876 eorum
1148 1823 1337 1879 domus
1391 1839 1570 1877 eorum
1620 1826 1678 1877 in
1733 1828 2027 1879 aeternum.
2089 1824 2221 1894 quid
2274 1825 2415 1878 inter
2462 1824 2702 1879 stultum
2732 1824 2807 1877 sit
2843 1826 2906 1877 et.

640 1908 1002 1977 insipientem,
1038 1924 1144 1961 non
1182 1913 1265 1962 est
1300 1924 1439 1963 nunc
1476 1908 1772 1963 disserendi
1807 1909 1983 1965 locust
2005 1926 2115 1964 nec
2147 1926 2272 1965 sane
2307 1911 2551 1976 interest,
2590 1926 2720 1978 quae
2755 1910 2899 1963 inter

640 2010 726 2047 eos
779 1993 1096 2047 meritorum
1151 1995 1224 2048 sit
1278 1994 1598 2059 differentia,
1657 2011 1884 2063 quornm
1940 1998 2022 2049 est
2065 2012 2171 2050 una
2218 1996 2464 2064 perditio,
2526 1999 2665 2065 quod
2710 2010 2899 2049 causae

638 2081 825 2148 itaque
859 2080 1073 2146 sufficit,
1111 2096 1231 2134 cum
1266 2080 1486 2134 dixisset
1521 2081 1684 2134 simul
1721 2081 2063 2150 insipientem
2100 2083 2156 2136 et
2190 2082 2424 2136 stultum
2466 2099 2577 2136 esse
2612 2082 2898 2150 perituros,

639 2167 916 2220 uideamus
971 2167 1100 2236 quid
1153 2167 1241 2220 uel
1294 2167 1363 2220 ad
1414 2182 1630 2221 causam
1678 2168 1766 2221 uel
1801 2169 1870 2221 ad
1921 2169 2196 2222 cumulum
2249 2169 2567 2236 perditionis
2622 2167 2899 2223 adiecerit.

640 2254 964 2322 relinquent,
1002 2253 1203 2322 inquit,
1240 2253 1432 2307 alienis
1469 2253 1695 2308 diuitias
1733 2270 1874 2309 snas.
1930 2271 2122 2309 uerum
2148 2257 2256 2308 est:
2289 2256 2421 2323 quid
2457 2256 2601 2309 enim
2636 2256 2750 2308 siue
2786 2257 2904 2308 tam

641 2339 889 2404 stultum,
938 2339 1053 2393 siue
1086 2341 1200 2393 tam
1237 2339 1526 2407 perditum,
1573 2355 1734 2410 quam
1782 2343 1847 2393 ut
1883 2341 2079 2410 aliquis
2115 2342 2181 2396 de
2218 2358 2314 2396 suo
2349 2358 2456 2396 non
2494 2341 2601 2395 sibi
2638 2343 2902 2406 consulat,

572 2480 578 2488 ,
638 2426 953 2495 praesertim
1009 2442 1129 2481 cum
1186 2426 1313 2481 deus
1367 2427 1529 2494 dicat,
1584 2427 1727 2481 nihil
1770 2428 2019 2497 prodesse
2063 2428 2289 2498 homini,
2348 2429 2395 2483 si
2431 2432 2608 2483 totum
2643 2429 2903 2483 mundum

639 2512 961 2580 lucrifaciat,
1006 2514 1214 2567 animae
1252 2515 1432 2567 autem
1467 2530 1592 2568 suae
1630 2513 2014 2568 detrimentum
2062 2515 2343 2583 patiatur?
2399 2518 2497 2569 aut
2531 2531 2693 2584 quam
2728 2515 2902 2583 dabit,

640 2599 838 2666 inquit,
890 2598 1050 2651 homo
1105 2600 1575 2653 commutationem
1627 2616 1723 2670 pro
1777 2601 1957 2653 anima
2006 2601 2144 2653 sua‘?
2206 2601 2253 2655 si
2291 2617 2416 2671 ergo
2449 2600 2689 2655 homines
2722 2604 2903 2655 totum

641 2685 904 2737 mundum
959 2701 1205 2753 spernere
1259 2689 1483 2754 oportet,
1540 2702 1608 2739 ne
1643 2687 1944 2739 animarum
1997 2687 2192 2741 damna
2244 2689 2547 2755 patiantur,
2601 2689 2655 2741 et
2690 2691 2905 2756 propter

643 2786 796 2825 suam
834 2772 1062 2826 salutem
1099 2772 1259 2826 debet
1294 2773 1562 2840 quispiam
1599 2774 1768 2827 etiam
1793 2789 1891 2827 sua
1914 2773 2062 2828 lucra
2087 2775 2444 2841 contemnere,
2481 2790 2643 2843 quam
2669 2774 2904 2829 infidelis

643 2862 741 2921 est,
781 2874 937 2927 quam
975 2859 1232 2928 insipiens
1269 2862 1367 2925 est,
1405 2860 1499 2927 qui
1535 2863 1602 2914 ut
1638 2860 1810 2913 alium
1847 2860 2074 2913 diuitem
2113 2860 2296 2926 faciat,
2332 2860 2569 2916 animam
2605 2876 2757 2916 suam
2792 2860 2906 2928 ipse

643 2944 1001 2998 condemnat?
1059 2944 1288 2998 maxime
1342 2962 1459 2999 cum
1509 2947 1565 2999 et
1612 2945 1706 2998 ille
1755 2961 1862 2998 non
1909 2946 2143 3000 multum
2198 2946 2542 3015 adipiscatur,
2597 2948 2691 3014 qui
2746 2962 2904 2999 usum

644 3032 1016 3097 temporalium
1062 3047 1238 3084 rerum
1285 3031 1494 3099 accipit,
1550 3034 1606 3085 et
1651 3032 1747 3085 ille
1795 3032 2220 3085 inaestimabilia
2266 3033 2467 3086 damna
2500 3032 2753 3100 perferat,
2808 3031 2906 3100 qui

644 3115 881 3169 fructum
935 3115 1125 3170 beatae
1177 3117 1517 3170 aeternitatis
1570 3117 1797 3171 amittit.
1854 3134 1981 3171 nam
2025 3119 2080 3171 et
2127 3118 2245 3171 ideo
2283 3118 2531 3187 sequitur
2565 3118 2624 3171 in
2660 3117 2907 3171 Psalmo=

645 3202 927 3271 sepulchra
961 3219 1138 3257 eorum
1176 3202 1364 3258 domus
1401 3220 1584 3257 eorum
1618 3203 1677 3257 in
1713 3206 2008 3257 aeternum.
2062 3221 2222 3273 quam
2259 3206 2456 3259 misera
2490 3220 2616 3274 ergo
2652 3204 2756 3256 erit
2789 3219 2907 3271 per-

645 3289 762 3343 dita
809 3305 923 3343 sors
977 3305 1173 3354 eorum,
1227 3290 1323 3359 qui
1368 3290 1522 3359 quasi
1568 3290 1869 3357 sepulchris
1904 3289 2228 3359 perennibus
2264 3290 2526 3358 deputati,
2584 3305 2743 3359 quam
2780 3304 2908 3344 8811-

647 3375 905 3429 ditionem
932 3379 1055 3444 post
1077 3378 1304 3430 mortem
1327 3375 1602 3446 perferunt
1626 3392 1925 3446 corporum,
1956 3377 2182 3432 eandem
2209 3376 2596 3445 quodammodo
2622 3376 2907 3446 patiantur

646 3462 960 3527 animarum,
1012 3464 1066 3515 et
1099 3462 1315 3532 quidem
1361 3464 1539 3518 minus
1583 3463 1848 3529 miseram,
1899 3464 1946 3517 si
1988 3464 2226 3530 eandem,
2274 3464 2372 3516 aut
2407 3462 2451 3516 si
2490 3461 2557 3515 ad
2593 3477 2682 3515 eos
2718 3460 2785 3515 ad
2821 3461 2908 3513 iu·

645 3555 830 3602 menta
881 3548 1195 3617 insipientia
1246 3565 1341 3603 nec
1394 3549 1652 3604 bonorum
1708 3564 1893 3603 sensus
1940 3565 2034 3604 888
2081 3550 2344 3603 malorum
2391 3548 2567 3617 passio
2603 3545 2907 3616 perueniret

649 3636 963 3705 (pertineret
998 3635 1081 3689 ed.
1120 3635 1367 3700 Rama).
1421 3634 1562 3689 illud
1601 3635 1713 3702 (sed
1750 3636 1890 3689 illud
1927 3636 2009 3690 ed.
2048 3636 2270 3702 Baluz.)
2319 3634 2569 3689 acerbum
2617 3635 2779 3701 atque
2824 3632 2910 3685 in-

647 3720 946 3782 tolerabile,
993 3721 1134 3790 quod
1171 3720 1424 3775 similiter
1460 3722 1697 3789 pereunt,
1747 3722 1840 3775 sed
1877 3738 1984 3775 non
2019 3722 2273 3774 similiter
2309 3721 2633 3788 puniuntur3
2688 3719 2908 3772 illorum

649 3808 794 3860 enim
842 3823 982 3861 mors
1029 3807 1351 3875 sempiterna
1397 3808 1512 3860 sine
1557 3823 1716 3861 sensu
1752 3810 1851 3871 est,
1895 3808 2126 3860 istorum
2164 3806 2403 3860 omnium
2438 3822 2555 3860 cum
2594 3804 2791 3858 dolore.
2847 3819 2909 3857 ac

650 3893 730 3946 sic
771 3892 1129 3960 conditionem
1183 3893 1460 3947 hominum
1515 3894 1853 3961 peccatorum
1905 3893 2139 3961 perditio
2186 3892 2404 3961 quidem
2450 3891 2584 3944 facit
2618 3889 2908 3958 pecudibus

650 3994 767 4031 esse
801 3978 1050 4046 similem,
1097 3978 1191 4032 sed
1226 3982 1402 4032 tamen
1438 3994 1658 4046 poenam
1708 3980 2027 4048 grauiorem.
2085 3979 2328 4048 cogitent
2362 3978 2538 4046 igitur
2572 3977 2766 4029 cuncta
2800 3975 2910 4029 ista

649 4080 785 4133 quae
829 4064 1070 4130 1118118118,
1123 4064 1288 4117 immo
1334 4066 1577 4134 cogitent
1620 4067 1813 4119 cuncta
1857 4066 1956 4120 illa
2005 4080 2141 4133 quae
2176 4063 2303 4117 deus
2341 4064 2491 4127 dicit,
2540 4062 2634 4130 qui
2668 4061 2774 4114 sibi
2813 4074 2911 4114 nec

650 4155 778 4204 ante
811 4153 1037 4205 mortem
1075 4152 1293 4204 omnino
1328 4151 1631 4215 consulunt,
1670 4167 1770 4205 nee
1801 4151 1859 4205 in
1895 4155 2068 4205 morte
2104 4151 2435 4214 succurrunt,
2474 4147 2615 4216 apud
2650 4163 2782 4216 quos
2818 4146 2914 4201 ob·-

650 4236 785 4291 liuio
822 4239 906 4291 est
940 4237 1155 4305 penitus
1191 4253 1409 4291 suarum
1445 4238 1762 4292 animarum.

410 4511 911 4686 '‘'X
