3380 4919
696 290 817 356 176
1658 285 1977 340 Saluiani

688 479 793 542 tur
837 477 1125 561 superbia
1169 480 1232 540 et
1261 462 1505 542 tumo‘r:
1551 476 1687 540 tam
1729 475 2041 559 peculiare
2075 475 2189 539 hoc
2218 473 2490 539 diuitum
2520 482 2782 557 regnum
2829 479 2942 561 est,

685 582 761 646 ut
804 581 1041 664 aliquid
1086 579 1350 645 forsitan
1395 583 1469 645 de
1514 579 1649 644 iure
1696 596 1804 643 suo
1852 597 1916 643 se
1959 578 2182 661 putent
2211 577 2485 659 perdere,
2533 577 2590 640 si
2633 577 2780 642 hinc
2821 578 2942 643 sibi

684 685 844 749 alius
897 684 1230 766 quicquam
1288 683 1564 747 uoluerit
1623 681 1977 746 uindicare:
2046 683 2399 745 transeatur
2444 680 2710 763 denique
2753 700 2941 764 prope

682 805 862 852 omne
915 787 1233 852 fraudium
1291 785 1647 851 falsitatum
1692 786 2105 866 periuriorum
2150 784 2359 849 nefas:
2423 785 2601 850 nulla
2645 804 2942 868 umquam

575 890 659 956 63
677 891 775 955 his
833 890 1019 954 malis
1063 891 1357 955 Romana·
1399 889 1625 954 ciuitas
1686 891 1906 953 caruit.
1999 889 2121 953 etsi
2178 887 2512 970 specialius
2571 889 2685 953 hoc
2740 891 2941 954 scelus
2984 911 3011 951 5

675 994 976 1060 Afrorum
1024 994 1303 1057 omnium
1335 993 1479 1057 fuit.
1524 1010 1672 1057 nam
1711 992 1873 1058 sicut
1918 995 1984 1058 in
2030 994 2342 1057 sentinam
2371 992 2715 1075 profundae
2758 992 2940 1058 nauis

677 1096 1081 1162 conluuiones
1140 1097 1422 1161 omnium
1467 1096 1765 1175 sordium,
1814 1096 1905 1160 sic
1964 1096 2028 1160 in
2089 1115 2292 1162 mores
2353 1114 2567 1161 eorum
2624 1095 2806 1179 quasi
2866 1101 2941 1162 de

676 1201 848 1265 omni
890 1199 1120 1265 mundo
1166 1200 1328 1264 uitia
1371 1199 1701 1264 fluxerunt.
1777 1199 2017 1263 nullam
2064 1199 2230 1265 enim
2277 1199 2743 1282 improbitatem
2790 1203 2939 1280 scio,

677 1322 836 1386 quae
891 1303 1029 1369 illic
1084 1325 1205 1370 non
1262 1303 1704 1370 redundauerit
1722 1356 1736 1383 ‚
1808 1322 1952 1369 cum
2006 1305 2225 1386 utique
2287 1305 2478 1368 etiam
2534 1322 2814 1388 paganae
2870 1324 2942 1370 88

678 1407 848 1471 ferae
893 1408 1111 1490 gentes
1129 1456 1146 1488 ,
1209 1406 1332 1472 etsi
1374 1407 1610 1472 habent
1655 1408 2014 1490 specialiter
2066 1406 2236 1471 mala
2294 1408 2573 1488 propria,
2636 1424 2757 1472 non
2813 1409 2941 1473 sint
2962 1431 3010 1471 ιο

572 1508 890 1575 6418111811
934 1510 998 1574 111
1042 1510 1141 1574 1118
1175 1511 1389 1575 01111118
1432 1512 1815 1577 execratione
1856 1511 2060 1596 digna.
2118 1509 2467 1575 Gothorum
2512 1529 2664 1594 gens
2705 1511 2941 1593 perfida

676 1613 784 1676 sed
829 1613 1060 1694 pudica
1105 1614 1224 1694 est,
1270 1613 1621 1678 Alanorum
1666 1615 1982 1697 impudica
2026 1617 2134 1678 sed
2178 1611 2385 1677 minus
2430 1612 2681 1696 perfida,
2714 1615 2940 1680 Franci

676 1713 1004 1779 mendaces
1049 1716 1156 1779 sed
1199 1715 1564 1806 hospitales,
1600 1716 1872 1781 Saxones
1914 1716 2284 1781 crudelitate
2316 1714 2484 1780 efferi
2515 1718 2619 1781 sed
2650 1718 2941 1782 castitate

674 1816 978 1881 mirandi:
1039 1835 1254 1882 omnes
1313 1819 1579 1901 denique
1624 1821 1844 1903 gentes
1900 1819 2134 1884 habent
2179 1819 2350 1883 sicut¹
2387 1819 2728 1901 peculiaria
2771 1820 2942 1884 mala

674 1920 770 1984 ita
813 1920 1005 1984 etiam
1051 1922 1360 2002 quaedam
1404 1924 1580 1987 bona.
1627 1923 1696 1986 in
1741 1922 1914 1987 Afris
1960 1941 2154 2004 paene
2209 1921 2497 1987 omnibus
2543 1923 2746 1987 nescio
2790 1925 2938 2004 quid
2959 1947 3007 1988 ιε

674 2041 797 2088 11011
840 2025 1104 2089 1118111111.
1183 2027 1238 2089 81
1284 2028 1629 2091 88811881ιά8
1676 2028 1770 2091 est
1815 2026 2245 2091 inhumanitas
2291 2025 2623 2090 inhumani
2668 2028 2834 2104 sunt,
2881 2027 2938 2091 si

676 2126 945 2192 ebrietas
977 2116 1225 2209 ebriosi,
1257 2129 1310 2193 si
1345 2129 1589 2194 falsitas
1621 2129 2032 2208 fallacissimi,
2065 2131 2121 2194 si
2145 2131 2325 2194 dolus
2350 2130 2934 2209 fraudulentissimi,

674 2231 730 2296 si
785 2232 1093 2315 cupiditas
1155 2233 1584 2314 cupidissimi,
1652 2233 1708 2297 si
1768 2233 2033 2315 perfidia
2089 2233 2513 2315 perfidissimi.
2602 2233 2936 2316 impuritas

673 2353 886 2400 eorum
941 2338 1128 2417 atque
1183 2336 1573 2419 blasphemia
1626 2337 1727 2401 his
1790 2338 2076 2402 omnibus
2136 2335 2535 2401 admiscenda
2588 2356 2712 2401 non
2767 2338 2937 2420 sunt,

674 2440 822 2521 quia
866 2439 993 2504 illis
1051 2456 1210 2521 quae
1253 2457 1445 2522 supra
1489 2439 1765 2505 diximus
1832 2439 2021 2505 malis
2083 2439 2353 2505 aliarum
2409 2441 2694 2523 gentium
2759 2441 2934 2520 uitia,
2956 2466 3007 2506 20

675 2541 771 2606 1118
815 2542 1025 2606 autem
1071 2543 1263 2608 etiam
1308 2562 1421 2608 sua
1466 2546 1601 2627 ipsa
1645 2545 1957 2609 uicerunt.

570 2684 654 2751 65
758 2680 933 2745 XVI.
983 2680 1077 2745 Ac
1133 2680 1441 2762 primum,
1500 2680 1572 2743 ut
1631 2680 1708 2743 de
1751 2679 2120 2761 impuritate
2164 2678 2482 2758 dicamus,
2538 2680 2676 2761 quis
2737 2680 2938 2745 nescit

674 2782 954 2848 Africam
999 2784 1194 2848 totam
1246 2783 1529 2847 obscenis
1575 2783 1914 2848 libidinum
1956 2782 2161 2847 taedis
2206 2802 2449 2865 semper
2493 2784 2715 2847 arsisse
2738 2830 2753 2860 ,
2812 2800 2936 2848 non

660 2881 748 2950 ‘ut
790 2886 1025 2950 terram
1070 2904 1141 2951 ac
1185 2886 1396 2949 sedem
1441 2885 1791 2964 hominum,
1848 2885 1956 2951 sed
2001 2886 2074 2949 ut
2118 2886 2390 2951 Aetnam
2435 2891 2614 2968 putes
2660 2886 2936 2968 impudi-

676 3005 890 3052 carum
920 2989 1109 3053 fuisse
1139 2987 1586 3053 flammarum?
1615 3009 1765 3054 nam
1797 2989 1963 3054 sicut
1988 2990 2194 3055 Aetna
2221 2986 2535 3053 intestinis
2559 2988 2933 3070 quibusdam
2951 3016 3003 3059 25

673 3091 935 3155 naturae
979 3091 1282 3156 feruentis
1329 3091 1652 3156 ardoribus
1701 3092 1791 3156 sic
1837 3091 1949 3157 illa
1993 3091 2424 3158 abominandis
2468 3092 2700 3175 iugiter
2739 3091 2933 3155 forni-

674 3191 992 3258 cationum
1039 3192 1293 3275 ignibus
1339 3193 1674 3259 aestuauit.
1746 3214 1861 3259 nec
1907 3194 2047 3260 uolo
2092 3194 2157 3259 in
2202 3194 2319 3272 hac
2362 3213 2428 3257 re
2475 3194 2931 3260 adsertionibus

672 3295 830 3360 meis
877 3296 1064 3372 credi,
1113 3296 1544 3361 testimonium
1588 3298 1941 3379 requiratur
1984 3299 2228 3380 generis
2272 3298 2549 3364 humani.
2627 3297 2764 3380 quis
2808 3314 2933 3362 non

673 3416 884 3464 omnes
930 3399 1184 3464 omnino
1217 3398 1403 3465 Afros
1448 3399 1823 3482 generaliter
1866 3401 2211 3482 impudicos
2257 3401 2416 3465 sciat
2460 3402 2580 3465 nisi
2626 3402 2703 3465 ad
2748 3402 2933 3465 deum

571 3508 653 3573 66
673 3503 831 3569 forte
877 3521 1222 3584 80111181808,
1270 3503 1335 3568 id
1382 3504 1478 3569 est
1522 3504 1639 3570 fide
1668 3522 1742 3569 ac
1785 3504 2086 3588 religione
2117 3505 2441 3570 mutatos?
2496 3505 2606 3571 sed
2652 3505 2766 3568 hoc
2796 3505 3002 3571 tameo

773 3791 810 3843 4
861 3806 1068 3844 omnem
1121 3791 1178 3845 Β
1385 3792 1419 3845 5
1463 3792 1568 3845 etsi
1605 3808 1673 3846 ex
1710 3795 1763 3847 et
1800 3808 1856 3845 se
1891 3793 1947 3846 A
1982 3808 2122 3848 corr.
2157 3809 2225 3848 m.
2261 3796 2327 3847 2:
2381 3794 2436 3846 et
2480 3793 2536 3849 B
2745 3794 2776 3846 7
2830 3793 2932 3847 im·

671 3890 844 3929 mores
878 3878 934 3928 A
1135 3877 1218 3946 de]
1256 3879 1315 3931 in
1352 3877 1408 3930 Β
1605 3879 1673 3931 10
1707 3878 1881 3947 fereae
1916 3878 2013 3933 sed
2048 3894 2109 3933 88
2137 3884 2335 3947 punct.
2370 3880 2453 3933 A:
2508 3881 2704 3933 ferreae
2738 3878 2794 3932 Β

672 3959 740 4012 12
781 3959 1012 4013 Frances
1059 3960 1116 4014 Β
1324 3963 1387 4016 17
1435 3964 1632 4016 ebriosi
1669 3966 1796 4017 sunt
1832 3964 1998 4029 Β(Τ)
2203 3964 2273 4017 20
2307 3963 2533 4020 aliorum
2561 3969 2789 4032 praeter
2823 3964 2935 4017 BT

673 4046 837 4098 etiam
870 4048 926 4099 A
940 4086 954 4111 ‚
1008 4047 1153 4113 quod
1185 4047 1446 4102 Halmius
1480 4064 1594 4103 non
1626 4049 1819 4103 adnot.
2026 4051 2097 4105 24
2141 4049 2360 4105 ethnam
2396 4050 2450 4103 B
2468 4050 2559 4115 (Τ)
2596 4051 2725 4104 item
2754 4050 2931 4118 paulo

664 4136 793 4199 post
829 4130 993 4185 ethna
1197 4132 1267 4186 26
1300 4132 1567 4188 feruentes
1604 4134 1660 4188 Β
1864 4137 1933 4190 29
1953 4136 2264 4206 impudicos
2300 4137 2624 4206 generaliter
2658 4137 2733 4204 B,
2785 4135 2931 4192 idem

672 4218 853 4271 statim
889 4217 1027 4270 forte
1062 4217 1129 4270 ad
1167 4218 1324 4272 deum
