<?xml version="1.0" encoding="UTF-8"?>
<!DOCTYPE html PUBLIC "-//W3C//DTD XHTML 1.0 Transitional//EN"
    "http://www.w3.org/TR/xhtml1/DTD/xhtml1-transitional.dtd">
<html xmlns="http://www.w3.org/1999/xhtml" xml:lang="en" lang="en">
 <head>
  <title>
</title>
<meta http-equiv="Content-Type" content="text/html;charset=utf-8" />
  <meta name='ocr-system' content='tesseract 3.04.00' />
  <meta name='ocr-capabilities' content='ocr_page ocr_carea ocr_par ocr_line ocrx_word'/>
</head>
<body>
  <div class='ocr_page' id='page_1' title='image "./operaomnia07paulgoog_0361.png"; bbox 0 0 3380 4919; ppageno 0'>
   <div class='ocr_carea' id='block_1_1' title="bbox 1149 298 2760 367">
    <p class='ocr_par' dir='ltr' id='par_1_1' title="bbox 1149 298 2760 367">
     <span class='ocr_line' id='line_1_1' title="bbox 1149 298 2760 367; baseline 0.006 -15"><span class='ocrx_word' id='word_1_1' title='bbox 1149 298 1229 352; x_wconf 90' lang='lat' dir='ltr'>ad</span> <span class='ocrx_word' id='word_1_2' title='bbox 1265 298 1627 354; x_wconf 84' lang='lat' dir='ltr'>ecclesiam</span> <span class='ocrx_word' id='word_1_3' title='bbox 1662 299 1783 355; x_wconf 84' lang='lat'>1111</span> <span class='ocrx_word' id='word_1_4' title='bbox 1823 303 1853 366; x_wconf 67' lang='lat'><strong>5</strong></span> <span class='ocrx_word' id='word_1_5' title='bbox 1890 299 2113 355; x_wconf 79' lang='lat'><strong>37—44.</strong></span> <span class='ocrx_word' id='word_1_6' title='bbox 2632 301 2760 367; x_wconf 86' lang='lat'>313</span> 
     </span>
    </p>
   </div>
   <div class='ocr_carea' id='block_1_2' title="bbox 424 486 2864 3662">
    <p class='ocr_par' dir='ltr' id='par_1_2' title="bbox 424 486 2864 3676">
     <span class='ocr_line' id='line_1_2' title="bbox 496 486 2857 570; baseline 0.001 -15"><span class='ocrx_word' id='word_1_7' title='bbox 496 486 813 555; x_wconf 85' lang='lat' dir='ltr'>sententia</span> <span class='ocrx_word' id='word_1_8' title='bbox 871 488 1252 555; x_wconf 86' lang='lat' dir='ltr'>subleuatur.</span> <span class='ocrx_word' id='word_1_9' title='bbox 1326 487 1435 551; x_wconf 91' lang='lat' dir='ltr'>sed</span> <span class='ocrx_word' id='word_1_10' title='bbox 1492 487 1551 553; x_wconf 91' lang='lat' dir='ltr'>si</span> <span class='ocrx_word' id='word_1_11' title='bbox 1605 488 1714 570; x_wconf 90' lang='lat' dir='ltr'>qui</span> <span class='ocrx_word' id='word_1_12' title='bbox 1772 488 1915 552; x_wconf 91' lang='lat' dir='ltr'>uult</span> <span class='ocrx_word' id='word_1_13' title='bbox 1971 507 2046 553; x_wconf 85' lang='lat' dir='ltr'>ex</span> <span class='ocrx_word' id='word_1_14' title='bbox 2105 489 2536 570; x_wconf 85' lang='lat' dir='ltr'>peccatoribus</span> <span class='ocrx_word' id='word_1_15' title='bbox 2595 490 2757 557; x_wconf 89' lang='lat' dir='ltr'>scire</span> <span class='ocrx_word' id='word_1_16' title='bbox 2776 491 2857 557; x_wconf 88' lang='lat'>41</span> 
     </span>
     <span class='ocr_line' id='line_1_3' title="bbox 500 590 2758 675; baseline 0.001 -17"><span class='ocrx_word' id='word_1_17' title='bbox 500 609 688 673; x_wconf 88' lang='lat' dir='ltr'>quam</span> <span class='ocrx_word' id='word_1_18' title='bbox 754 590 1034 674; x_wconf 84' lang='lat' dir='ltr'>grauiter</span> <span class='ocrx_word' id='word_1_19' title='bbox 1102 591 1402 658; x_wconf 84' lang='lat' dir='ltr'>censenda</span> <span class='ocrx_word' id='word_1_20' title='bbox 1453 607 1492 657; x_wconf 90' lang='lat' dir='ltr'>a</span> <span class='ocrx_word' id='word_1_21' title='bbox 1535 590 1647 657; x_wconf 80' lang='lat' dir='ltr'>deo</span> <span class='ocrx_word' id='word_1_22' title='bbox 1715 591 1847 657; x_wconf 87' lang='lat' dir='ltr'>sint</span> <span class='ocrx_word' id='word_1_23' title='bbox 1912 609 2139 675; x_wconf 81' lang='lat' dir='ltr'>magna</span> <span class='ocrx_word' id='word_1_24' title='bbox 2203 591 2483 672; x_wconf 82' lang='lat' dir='ltr'>crimina,</span> <span class='ocrx_word' id='word_1_25' title='bbox 2557 593 2758 660; x_wconf 89' lang='lat' dir='ltr'>discat</span> 
     </span>
     <span class='ocr_line' id='line_1_4' title="bbox 499 694 2752 780; baseline 0.001 -20"><span class='ocrx_word' id='word_1_26' title='bbox 499 694 767 778; x_wconf 88' lang='lat' dir='ltr'>qualiter</span> <span class='ocrx_word' id='word_1_27' title='bbox 810 696 874 759; x_wconf 93' lang='lat' dir='ltr'>in</span> <span class='ocrx_word' id='word_1_28' title='bbox 917 698 1116 762; x_wconf 89' lang='lat' dir='ltr'>semet</span> <span class='ocrx_word' id='word_1_29' title='bbox 1187 696 1336 780; x_wconf 92' lang='lat' dir='ltr'>ipsis</span> <span class='ocrx_word' id='word_1_30' title='bbox 1402 697 1669 778; x_wconf 81' lang='lat' dir='ltr'>puniant</span> <span class='ocrx_word' id='word_1_31' title='bbox 1736 697 1942 762; x_wconf 83' lang='lat' dir='ltr'>sancti</span> <span class='ocrx_word' id='word_1_32' title='bbox 1998 697 2192 763; x_wconf 86' lang='lat' dir='ltr'>etiam</span> <span class='ocrx_word' id='word_1_33' title='bbox 2249 694 2418 761; x_wconf 83' lang='lat' dir='ltr'>leuia</span> <span class='ocrx_word' id='word_1_34' title='bbox 2476 698 2752 778; x_wconf 87' lang='lat' dir='ltr'>peccata,</span> 
     </span>
     <span class='ocr_line' id='line_1_5' title="bbox 496 797 2757 882; baseline -0.001 -15"><span class='ocrx_word' id='word_1_35' title='bbox 496 798 737 867; x_wconf 81' lang='lat' dir='ltr'>conscii·</span> <span class='ocrx_word' id='word_1_36' title='bbox 770 797 1014 864; x_wconf 89' lang='lat' dir='ltr'>scilicet</span> <span class='ocrx_word' id='word_1_37' title='bbox 1057 798 1187 865; x_wconf 91' lang='lat' dir='ltr'>iam</span> <span class='ocrx_word' id='word_1_38' title='bbox 1231 818 1305 864; x_wconf 83' lang='lat' dir='ltr'>ex</span> <span class='ocrx_word' id='word_1_39' title='bbox 1348 799 1545 881; x_wconf 91' lang='lat' dir='ltr'>ipsius</span> <span class='ocrx_word' id='word_1_40' title='bbox 1590 800 1694 865; x_wconf 90' lang='lat' dir='ltr'>dei</span> <span class='ocrx_word' id='word_1_41' title='bbox 1738 801 1929 866; x_wconf 81' lang='lat' dir='ltr'>dictis</span> <span class='ocrx_word' id='word_1_42' title='bbox 1971 798 2169 864; x_wconf 79' lang='lat' dir='ltr'>futuri</span> <span class='ocrx_word' id='word_1_43' title='bbox 2200 799 2500 864; x_wconf 80' lang='lat' dir='ltr'><strong>examinis</strong></span> <span class='ocrx_word' id='word_1_44' title='bbox 2532 818 2605 865; x_wconf 88' lang='lat' dir='ltr'>ac</span> <span class='ocrx_word' id='word_1_45' title='bbox 2646 819 2757 882; x_wconf 90' lang='lat' dir='ltr'>per</span> 
     </span>
     <span class='ocr_line' id='line_1_6' title="bbox 457 900 2757 986; baseline 0.001 -22"><span class='ocrx_word' id='word_1_46' title='bbox 457 900 737 973; x_wconf 78' lang='lat' dir='ltr'>5domini</span> <span class='ocrx_word' id='word_1_47' title='bbox 793 901 890 966; x_wconf 90' lang='lat' dir='ltr'>sni</span> <span class='ocrx_word' id='word_1_48' title='bbox 946 901 1138 967; x_wconf 88' lang='lat' dir='ltr'>uerba</span> <span class='ocrx_word' id='word_1_49' title='bbox 1194 903 1382 968; x_wconf 84' lang='lat' dir='ltr'>etiam</span> <span class='ocrx_word' id='word_1_50' title='bbox 1440 903 1672 968; x_wconf 86' lang='lat' dir='ltr'>iudicia</span> <span class='ocrx_word' id='word_1_51' title='bbox 1730 903 2033 969; x_wconf 79' lang='lat' dir='ltr'><strong>rimantes</strong></span> <span class='ocrx_word' id='word_1_52' title='bbox 2093 907 2156 968; x_wconf 88' lang='lat' dir='ltr'>et</span> <span class='ocrx_word' id='word_1_53' title='bbox 2198 902 2341 967; x_wconf 89' lang='lat' dir='ltr'>ideo</span> <span class='ocrx_word' id='word_1_54' title='bbox 2379 920 2644 986; x_wconf 48' lang='lat' dir='ltr'>*semper</span> <span class='ocrx_word' id='word_1_55' title='bbox 2687 903 2757 968; x_wconf 94' lang='lat' dir='ltr'>in</span> 
     </span>
     <span class='ocr_line' id='line_1_7' title="bbox 498 1003 2757 1089; baseline -0.002 -16"><span class='ocrx_word' id='word_1_56' title='bbox 498 1003 599 1073; x_wconf 74' lang='lat' dir='ltr'>dei</span> <span class='ocrx_word' id='word_1_57' title='bbox 666 1020 846 1085; x_wconf 86' lang='lat' dir='ltr'>opere</span> <span class='ocrx_word' id='word_1_58' title='bbox 913 1022 1159 1086; x_wconf 86' lang='lat' dir='ltr'>semper</span> <span class='ocrx_word' id='word_1_59' title='bbox 1214 1006 1283 1070; x_wconf 89' lang='lat' dir='ltr'>in</span> <span class='ocrx_word' id='word_1_60' title='bbox 1340 1006 1793 1087; x_wconf 77' lang='lat' dir='ltr'>conpunctione</span> <span class='ocrx_word' id='word_1_61' title='bbox 1859 1023 2105 1089; x_wconf 89' lang='lat' dir='ltr'>semper</span> <span class='ocrx_word' id='word_1_62' title='bbox 2165 1006 2234 1069; x_wconf 90' lang='lat' dir='ltr'>in</span> <span class='ocrx_word' id='word_1_63' title='bbox 2302 1022 2485 1071; x_wconf 86' lang='lat' dir='ltr'>cruce</span> <span class='ocrx_word' id='word_1_64' title='bbox 2547 1005 2757 1088; x_wconf 87' lang='lat' dir='ltr'>positi.</span> 
     </span>
     <span class='ocr_line' id='line_1_8' title="bbox 496 1105 2756 1189; baseline 0 -18"><span class='ocrx_word' id='word_1_65' title='bbox 496 1105 664 1179; x_wconf 75' lang='lat' dir='ltr'>beati</span> <span class='ocrx_word' id='word_1_66' title='bbox 710 1107 819 1188; x_wconf 83' lang='lat' dir='ltr'>qui</span> <span class='ocrx_word' id='word_1_67' title='bbox 862 1126 1004 1172; x_wconf 85' lang='lat' dir='ltr'>cum</span> <span class='ocrx_word' id='word_1_68' title='bbox 1070 1109 1352 1175; x_wconf 90' lang='lat' dir='ltr'>omnium</span> <span class='ocrx_word' id='word_1_69' title='bbox 1415 1110 1852 1187; x_wconf 66' lang='lat' dir='ltr'>misereantur,</span> <span class='ocrx_word' id='word_1_70' title='bbox 1924 1108 2046 1174; x_wconf 85' lang='lat' dir='ltr'>sibi</span> <span class='ocrx_word' id='word_1_71' title='bbox 2101 1124 2450 1189; x_wconf 85' lang='lat' dir='ltr'>numquam</span> <span class='ocrx_word' id='word_1_72' title='bbox 2507 1107 2756 1189; x_wconf 91' lang='lat' dir='ltr'>penitus</span> 
     </span>
     <span class='ocr_line' id='line_1_9' title="bbox 497 1207 2798 1294; baseline 0 -21"><span class='ocrx_word' id='word_1_73' title='bbox 497 1207 843 1290; x_wconf 83' lang='lat' dir='ltr'>ignoscant,</span> <span class='ocrx_word' id='word_1_74' title='bbox 887 1211 953 1275; x_wconf 85' lang='lat' dir='ltr'>in</span> <span class='ocrx_word' id='word_1_75' title='bbox 997 1211 1170 1276; x_wconf 82' lang='lat' dir='ltr'>nullo</span> <span class='ocrx_word' id='word_1_76' title='bbox 1228 1211 1348 1277; x_wconf 91' lang='lat' dir='ltr'>sibi</span> <span class='ocrx_word' id='word_1_77' title='bbox 1405 1215 1730 1294; x_wconf 83' lang='lat' dir='ltr'>parcentes</span> <span class='ocrx_word' id='word_1_78' title='bbox 1784 1213 1890 1277; x_wconf 87' lang='lat' dir='ltr'>sed</span> <span class='ocrx_word' id='word_1_79' title='bbox 1936 1215 2104 1276; x_wconf 85' lang='lat' dir='ltr'>totos</span> <span class='ocrx_word' id='word_1_80' title='bbox 2145 1229 2213 1276; x_wconf 91' lang='lat' dir='ltr'>se</span> <span class='ocrx_word' id='word_1_81' title='bbox 2259 1209 2595 1276; x_wconf 84' lang='lat' dir='ltr'><strong>admodum</strong></span> <span class='ocrx_word' id='word_1_82' title='bbox 2641 1210 2755 1274; x_wconf 91' lang='lat' dir='ltr'>deo</span> <span class='ocrx_word' id='word_1_83' title='bbox 2792 1218 2798 1227; x_wconf 82' lang='grc'>·</span> 
     </span>
     <span class='ocr_line' id='line_1_10' title="bbox 494 1310 2755 1395; baseline -0.003 -12"><span class='ocrx_word' id='word_1_84' title='bbox 494 1312 902 1392; x_wconf 76' lang='lat' dir='ltr'>inpendentes</span> <span class='ocrx_word' id='word_1_85' title='bbox 947 1315 1011 1377; x_wconf 91' lang='lat' dir='ltr'>et</span> <span class='ocrx_word' id='word_1_86' title='bbox 1066 1313 1204 1380; x_wconf 84' lang='lat' dir='ltr'>ideo</span> <span class='ocrx_word' id='word_1_87' title='bbox 1249 1313 1318 1378; x_wconf 91' lang='lat' dir='ltr'>in</span> <span class='ocrx_word' id='word_1_88' title='bbox 1363 1313 1575 1379; x_wconf 87' lang='lat' dir='ltr'>futuro</span> <span class='ocrx_word' id='word_1_89' title='bbox 1621 1313 1852 1379; x_wconf 89' lang='lat' dir='ltr'>iudicio</span> <span class='ocrx_word' id='word_1_90' title='bbox 1895 1312 2073 1395; x_wconf 85' lang='lat' dir='ltr'>digni</span> <span class='ocrx_word' id='word_1_91' title='bbox 2117 1310 2413 1394; x_wconf 85' lang='lat' dir='ltr'>praemio,</span> <span class='ocrx_word' id='word_1_92' title='bbox 2447 1313 2609 1393; x_wconf 86' lang='lat' dir='ltr'>-quia</span> <span class='ocrx_word' id='word_1_93' title='bbox 2649 1312 2755 1378; x_wconf 85' lang='lat' dir='ltr'>hic</span> 
     </span>
     <span class='ocr_line' id='line_1_11' title="bbox 428 1413 2862 1498; baseline 0 -14"><span class='ocrx_word' id='word_1_94' title='bbox 428 1444 480 1484; x_wconf 83' lang='grc' dir='ltr'>ιο</span> <span class='ocrx_word' id='word_1_95' title='bbox 497 1417 660 1495; x_wconf 86' lang='lat' dir='ltr'>apud</span> <span class='ocrx_word' id='word_1_96' title='bbox 727 1433 795 1481; x_wconf 89' lang='lat' dir='ltr'>se</span> <span class='ocrx_word' id='word_1_97' title='bbox 860 1415 1091 1498; x_wconf 89' lang='lat' dir='ltr'>iugiter</span> <span class='ocrx_word' id='word_1_98' title='bbox 1157 1416 1223 1480; x_wconf 92' lang='lat' dir='ltr'>in</span> <span class='ocrx_word' id='word_1_99' title='bbox 1289 1418 1488 1481; x_wconf 86' lang='lat' dir='ltr'>reatu.</span> <span class='ocrx_word' id='word_1_100' title='bbox 1564 1432 1713 1479; x_wconf 90' lang='lat' dir='ltr'>nam</span> <span class='ocrx_word' id='word_1_101' title='bbox 1779 1414 1855 1478; x_wconf 90' lang='lat' dir='ltr'>de</span> <span class='ocrx_word' id='word_1_102' title='bbox 1921 1413 2347 1480; x_wconf 76' lang='lat' dir='ltr'>misericordia</span> <span class='ocrx_word' id='word_1_103' title='bbox 2414 1433 2630 1479; x_wconf 87' lang='lat' dir='ltr'>eorum</span> <span class='ocrx_word' id='word_1_104' title='bbox 2686 1417 2862 1484; x_wconf 81' lang='lat' dir='ltr'>ac42</span> 
     </span>
     <span class='ocr_line' id='line_1_12' title="bbox 494 1517 2754 1601; baseline 0 -19"><span class='ocrx_word' id='word_1_105' title='bbox 494 1517 793 1600; x_wconf 86' lang='lat' dir='ltr'>largitate</span> <span class='ocrx_word' id='word_1_106' title='bbox 858 1518 1007 1600; x_wconf 89' lang='lat' dir='ltr'>quid</span> <span class='ocrx_word' id='word_1_107' title='bbox 1075 1518 1299 1595; x_wconf 85' lang='lat' dir='ltr'>dicam,</span> <span class='ocrx_word' id='word_1_108' title='bbox 1369 1537 1522 1601; x_wconf 88' lang='lat' dir='ltr'>quae</span> <span class='ocrx_word' id='word_1_109' title='bbox 1582 1520 1792 1584; x_wconf 85' lang='lat' dir='ltr'>uirtus</span> <span class='ocrx_word' id='word_1_110' title='bbox 1853 1519 2016 1600; x_wconf 84' lang='lat' dir='ltr'>apud</span> <span class='ocrx_word' id='word_1_111' title='bbox 2063 1535 2166 1583; x_wconf 87' lang='lat' dir='ltr'>eos</span> <span class='ocrx_word' id='word_1_112' title='bbox 2210 1517 2389 1600; x_wconf 82' lang='lat' dir='ltr'>quasi</span> <span class='ocrx_word' id='word_1_113' title='bbox 2435 1518 2754 1583; x_wconf 86' lang='lat' dir='ltr'>uirtutum</span> 
     </span>
     <span class='ocr_line' id='line_1_13' title="bbox 493 1618 2755 1705; baseline 0 -21"><span class='ocrx_word' id='word_1_114' title='bbox 493 1618 777 1695; x_wconf 84' lang='lat' dir='ltr'>omnium</span> <span class='ocrx_word' id='word_1_115' title='bbox 836 1620 1187 1687; x_wconf 77' lang='lat' dir='ltr'>initiatrix?</span> <span class='ocrx_word' id='word_1_116' title='bbox 1250 1620 1533 1705; x_wconf 87' lang='lat' dir='ltr'>plerique</span> <span class='ocrx_word' id='word_1_117' title='bbox 1592 1623 1761 1689; x_wconf 89' lang='lat' dir='ltr'>enim</span> <span class='ocrx_word' id='word_1_118' title='bbox 1818 1641 2032 1689; x_wconf 83' lang='lat' dir='ltr'>eorum</span> <span class='ocrx_word' id='word_1_119' title='bbox 2090 1621 2243 1687; x_wconf 87' lang='lat' dir='ltr'>haec</span> <span class='ocrx_word' id='word_1_120' title='bbox 2297 1619 2531 1686; x_wconf 88' lang='lat' dir='ltr'>habent</span> <span class='ocrx_word' id='word_1_121' title='bbox 2575 1620 2755 1702; x_wconf 82' lang='lat' dir='ltr'>quasi</span> 
     </span>
     <span class='ocr_line' id='line_1_14' title="bbox 496 1721 2756 1807; baseline 0.001 -22"><span class='ocrx_word' id='word_1_122' title='bbox 496 1721 745 1787; x_wconf 85' lang='lat' dir='ltr'>exordia</span> <span class='ocrx_word' id='word_1_123' title='bbox 788 1725 853 1787; x_wconf 83' lang='lat' dir='ltr'>et</span> <span class='ocrx_word' id='word_1_124' title='bbox 896 1724 1074 1805; x_wconf 85' lang='lat' dir='ltr'>quasi</span> <span class='ocrx_word' id='word_1_125' title='bbox 1130 1725 1511 1792; x_wconf 88' lang='lat' dir='ltr'>incunabula</span> <span class='ocrx_word' id='word_1_126' title='bbox 1566 1726 1987 1792; x_wconf 89' lang='lat' dir='ltr'>conuersionis</span> <span class='ocrx_word' id='word_1_127' title='bbox 2046 1742 2213 1807; x_wconf 75' lang='lat' dir='ltr'>snae,</span> <span class='ocrx_word' id='word_1_128' title='bbox 2274 1727 2349 1788; x_wconf 93' lang='lat' dir='ltr'>ut</span> <span class='ocrx_word' id='word_1_129' title='bbox 2390 1724 2756 1807; x_wconf 87' lang='lat' dir='ltr'>priusquam</span> 
     </span>
     <span class='ocr_line' id='line_1_15' title="bbox 496 1822 2756 1910; baseline 0.001 -23"><span class='ocrx_word' id='word_1_130' title='bbox 496 1822 694 1899; x_wconf 81' lang='lat' dir='ltr'>limen</span> <span class='ocrx_word' id='word_1_131' title='bbox 762 1829 1007 1892; x_wconf 84' lang='lat' dir='ltr'>sanctae</span> <span class='ocrx_word' id='word_1_132' title='bbox 1075 1827 1473 1910; x_wconf 86' lang='lat' dir='ltr'>professionis</span> <span class='ocrx_word' id='word_1_133' title='bbox 1530 1831 1874 1906; x_wconf 82' lang='lat' dir='ltr'>introeunt,</span> <span class='ocrx_word' id='word_1_134' title='bbox 1943 1828 2021 1894; x_wconf 87' lang='lat' dir='ltr'>de</span> <span class='ocrx_word' id='word_1_135' title='bbox 2075 1825 2345 1910; x_wconf 87' lang='lat' dir='ltr'>propriis</span> <span class='ocrx_word' id='word_1_136' title='bbox 2392 1825 2515 1891; x_wconf 91' lang='lat' dir='ltr'>sibi</span> <span class='ocrx_word' id='word_1_137' title='bbox 2559 1825 2756 1891; x_wconf 87' lang='lat' dir='ltr'>facul-</span> 
     </span>
     <span class='ocr_line' id='line_1_16' title="bbox 428 1927 2756 2014; baseline 0.001 -21"><span class='ocrx_word' id='word_1_138' title='bbox 428 1958 479 2000; x_wconf 80' lang='lat'>15</span> <span class='ocrx_word' id='word_1_139' title='bbox 498 1927 734 2001; x_wconf 84' lang='lat' dir='ltr'>tatibus</span> <span class='ocrx_word' id='word_1_140' title='bbox 793 1930 886 1993; x_wconf 91' lang='lat' dir='ltr'>nil</span> <span class='ocrx_word' id='word_1_141' title='bbox 941 1930 1296 2014; x_wconf 82' lang='lat' dir='ltr'>relinquant</span> <span class='ocrx_word' id='word_1_142' title='bbox 1356 1932 1697 2011; x_wconf 86' lang='lat' dir='ltr'>secundum</span> <span class='ocrx_word' id='word_1_143' title='bbox 1755 1932 1914 1997; x_wconf 91' lang='lat' dir='ltr'>illud</span> <span class='ocrx_word' id='word_1_144' title='bbox 1972 1931 2214 1996; x_wconf 86' lang='lat' dir='ltr'>scilicet</span> <span class='ocrx_word' id='word_1_145' title='bbox 2275 1928 2511 1996; x_wconf 85' lang='lat' dir='ltr'>domini</span> <span class='ocrx_word' id='word_1_146' title='bbox 2557 1930 2756 1995; x_wconf 89' lang='lat' dir='ltr'>nostri</span> 
     </span>
     <span class='ocr_line' id='line_1_17' title="bbox 499 2029 2757 2114; baseline 0.001 -20"><span class='ocrx_word' id='word_1_147' title='bbox 499 2029 760 2109; x_wconf 81' lang='lat' dir='ltr'>dictum,</span> <span class='ocrx_word' id='word_1_148' title='bbox 794 2050 913 2114; x_wconf 90' lang='lat' dir='ltr'>quo</span> <span class='ocrx_word' id='word_1_149' title='bbox 947 2033 1067 2099; x_wconf 83' lang='lat' dir='ltr'>ait:</span> <span class='ocrx_word' id='word_1_150' title='bbox 1115 2037 1362 2100; x_wconf 87' lang='lat' dir='ltr'>uende</span> <span class='ocrx_word' id='word_1_151' title='bbox 1405 2036 1667 2100; x_wconf 89' lang='lat' dir='ltr'>omnia</span> <span class='ocrx_word' id='word_1_152' title='bbox 1712 2035 1911 2100; x_wconf 89' lang='lat' dir='ltr'>bona</span> <span class='ocrx_word' id='word_1_153' title='bbox 1955 2039 2088 2099; x_wconf 89' lang='lat' dir='ltr'>tua</span> <span class='ocrx_word' id='word_1_154' title='bbox 2133 2034 2209 2097; x_wconf 86' lang='lat' dir='ltr'>et</span> <span class='ocrx_word' id='word_1_155' title='bbox 2255 2031 2346 2097; x_wconf 88' lang='lat' dir='ltr'>da</span> <span class='ocrx_word' id='word_1_156' title='bbox 2389 2032 2757 2113; x_wconf 86' lang='lat' dir='ltr'>pauperi-</span> 
     </span>
     <span class='ocr_line' id='line_1_18' title="bbox 497 2131 2862 2217; baseline 0.001 -22"><span class='ocrx_word' id='word_1_157' title='bbox 497 2131 670 2214; x_wconf 88' lang='lat' dir='ltr'>bus,</span> <span class='ocrx_word' id='word_1_158' title='bbox 717 2136 792 2197; x_wconf 90' lang='lat' dir='ltr'>et</span> <span class='ocrx_word' id='word_1_159' title='bbox 837 2134 1055 2212; x_wconf 87' lang='lat' dir='ltr'>ueni,</span> <span class='ocrx_word' id='word_1_160' title='bbox 1103 2153 1425 2217; x_wconf 88' lang='lat' dir='ltr'>sequere</span> <span class='ocrx_word' id='word_1_161' title='bbox 1462 2154 1594 2202; x_wconf 91' lang='lat' dir='ltr'>me.</span> <span class='ocrx_word' id='word_1_162' title='bbox 1654 2138 1719 2201; x_wconf 93' lang='lat' dir='ltr'>et</span> <span class='ocrx_word' id='word_1_163' title='bbox 1747 2136 1846 2201; x_wconf 89' lang='lat' dir='ltr'>illi</span> <span class='ocrx_word' id='word_1_164' title='bbox 1876 2136 2091 2216; x_wconf 85' lang='lat' dir='ltr'>itaque</span> <span class='ocrx_word' id='word_1_165' title='bbox 2118 2134 2395 2199; x_wconf 87' lang='lat' dir='ltr'>secuturi</span> <span class='ocrx_word' id='word_1_166' title='bbox 2426 2134 2862 2206; x_wconf 86' lang='lat' dir='ltr'>uocantem43</span> 
     </span>
     <span class='ocr_line' id='line_1_19' title="bbox 498 2233 2757 2319; baseline 0.002 -22"><span class='ocrx_word' id='word_1_167' title='bbox 498 2233 682 2299; x_wconf 83' lang='lat' dir='ltr'>deum</span> <span class='ocrx_word' id='word_1_168' title='bbox 746 2235 920 2315; x_wconf 87' lang='lat' dir='ltr'>prius</span> <span class='ocrx_word' id='word_1_169' title='bbox 976 2237 1259 2301; x_wconf 90' lang='lat' dir='ltr'>uendunt</span> <span class='ocrx_word' id='word_1_170' title='bbox 1320 2239 1531 2302; x_wconf 87' lang='lat' dir='ltr'>omnia</span> <span class='ocrx_word' id='word_1_171' title='bbox 1586 2256 1776 2319; x_wconf 90' lang='lat' dir='ltr'>quam</span> <span class='ocrx_word' id='word_1_172' title='bbox 1831 2237 2189 2318; x_wconf 86' lang='lat' dir='ltr'>sequantur.</span> <span class='ocrx_word' id='word_1_173' title='bbox 2267 2235 2529 2301; x_wconf 85' lang='lat' dir='ltr'>diuitias</span> <span class='ocrx_word' id='word_1_174' title='bbox 2591 2236 2757 2301; x_wconf 87' lang='lat' dir='ltr'>enim</span> 
     </span>
     <span class='ocr_line' id='line_1_20' title="bbox 499 2336 2754 2420; baseline -0.001 -15"><span class='ocrx_word' id='word_1_175' title='bbox 499 2352 754 2405; x_wconf 77' lang='lat' dir='ltr'>onerum</span> <span class='ocrx_word' id='word_1_176' title='bbox 817 2342 1004 2419; x_wconf 86' lang='lat' dir='ltr'>atque</span> <span class='ocrx_word' id='word_1_177' title='bbox 1070 2337 1635 2419; x_wconf 88' lang='lat' dir='ltr'>inpedimentorum</span> <span class='ocrx_word' id='word_1_178' title='bbox 1702 2339 1837 2404; x_wconf 89' lang='lat' dir='ltr'>loco</span> <span class='ocrx_word' id='word_1_179' title='bbox 1891 2356 2028 2403; x_wconf 84' lang='lat' dir='ltr'>esse</span> <span class='ocrx_word' id='word_1_180' title='bbox 2083 2336 2379 2405; x_wconf 86' lang='lat' dir='ltr'>ducentes</span> <span class='ocrx_word' id='word_1_181' title='bbox 2440 2338 2754 2420; x_wconf 84' lang='lat' dir='ltr'>expeditos</span> 
     </span>
     <span class='ocr_line' id='line_1_21' title="bbox 426 2440 2756 2523; baseline 0.001 -19"><span class='ocrx_word' id='word_1_182' title='bbox 426 2457 563 2516; x_wconf 71' lang='lat' dir='ltr'>,ose</span> <span class='ocrx_word' id='word_1_183' title='bbox 619 2457 742 2507; x_wconf 87' lang='lat' dir='ltr'>non</span> <span class='ocrx_word' id='word_1_184' title='bbox 811 2442 1039 2523; x_wconf 76' lang='lat' dir='ltr'>putant</span> <span class='ocrx_word' id='word_1_185' title='bbox 1094 2442 1174 2507; x_wconf 90' lang='lat' dir='ltr'>ad</span> <span class='ocrx_word' id='word_1_186' title='bbox 1232 2444 1640 2522; x_wconf 85' lang='lat' dir='ltr'>sequendum,</span> <span class='ocrx_word' id='word_1_187' title='bbox 1706 2442 1830 2510; x_wconf 85' lang='lat' dir='ltr'>nisi</span> <span class='ocrx_word' id='word_1_188' title='bbox 1899 2440 2112 2510; x_wconf 85' lang='lat' dir='ltr'>omnia</span> <span class='ocrx_word' id='word_1_189' title='bbox 2174 2440 2349 2523; x_wconf 87' lang='lat' dir='ltr'>prius</span> <span class='ocrx_word' id='word_1_190' title='bbox 2412 2440 2756 2510; x_wconf 86' lang='lat' dir='ltr'>carnalium</span> 
     </span>
     <span class='ocr_line' id='line_1_22' title="bbox 499 2543 2756 2626; baseline -0 -16"><span class='ocrx_word' id='word_1_191' title='bbox 499 2543 886 2614; x_wconf 85' lang='lat' dir='ltr'>sarcinarum</span> <span class='ocrx_word' id='word_1_192' title='bbox 944 2544 1365 2626; x_wconf 82' lang='lat' dir='ltr'>inpedimenta</span> <span class='ocrx_word' id='word_1_193' title='bbox 1409 2544 1803 2625; x_wconf 84' lang='lat' dir='ltr'>proiecerint,</span> <span class='ocrx_word' id='word_1_194' title='bbox 1861 2544 2055 2609; x_wconf 88' lang='lat' dir='ltr'>simul</span> <span class='ocrx_word' id='word_1_195' title='bbox 2097 2545 2176 2608; x_wconf 84' lang='lat' dir='ltr'>ut</span> <span class='ocrx_word' id='word_1_196' title='bbox 2215 2560 2392 2608; x_wconf 89' lang='lat' dir='ltr'>more</span> <span class='ocrx_word' id='word_1_197' title='bbox 2428 2544 2756 2609; x_wconf 87' lang='lat' dir='ltr'>hominum</span> 
     </span>
     <span class='ocr_line' id='line_1_23' title="bbox 496 2645 2756 2731; baseline -0.002 -15"><span class='ocrx_word' id='word_1_198' title='bbox 496 2648 1045 2731; x_wconf 78' lang='lat' dir='ltr'>commigrantium</span> <span class='ocrx_word' id='word_1_199' title='bbox 1101 2648 1287 2731; x_wconf 86' lang='lat' dir='ltr'>prius·</span> <span class='ocrx_word' id='word_1_200' title='bbox 1331 2648 1412 2714; x_wconf 89' lang='lat' dir='ltr'>ad</span> <span class='ocrx_word' id='word_1_201' title='bbox 1472 2647 1681 2716; x_wconf 88' lang='lat' dir='ltr'>locum</span> <span class='ocrx_word' id='word_1_202' title='bbox 1741 2647 2084 2716; x_wconf 79' lang='lat' dir='ltr'>habitaculi</span> <span class='ocrx_word' id='word_1_203' title='bbox 2131 2645 2426 2711; x_wconf 84' lang='lat' dir='ltr'>destinati</span> <span class='ocrx_word' id='word_1_204' title='bbox 2472 2665 2569 2711; x_wconf 92' lang='lat' dir='ltr'>res</span> <span class='ocrx_word' id='word_1_205' title='bbox 2612 2664 2756 2712; x_wconf 87' lang='lat' dir='ltr'>suas</span> 
     </span>
     <span class='ocr_line' id='line_1_24' title="bbox 497 2749 2758 2833; baseline 0 -19"><span class='ocrx_word' id='word_1_206' title='bbox 497 2750 872 2818; x_wconf 83' lang='lat' dir='ltr'>transferant</span> <span class='ocrx_word' id='word_1_207' title='bbox 939 2768 1127 2833; x_wconf 87' lang='lat' dir='ltr'>quam</span> <span class='ocrx_word' id='word_1_208' title='bbox 1180 2768 1249 2815; x_wconf 84' lang='lat' dir='ltr'>se</span> <span class='ocrx_word' id='word_1_209' title='bbox 1305 2751 1486 2832; x_wconf 82' lang='lat' dir='ltr'>ipsos,</span> <span class='ocrx_word' id='word_1_210' title='bbox 1555 2749 1802 2822; x_wconf 84' lang='lat' dir='ltr'>scilicet</span> <span class='ocrx_word' id='word_1_211' title='bbox 1857 2754 1949 2827; x_wconf 83' lang='lat' dir='ltr'>ut,</span> <span class='ocrx_word' id='word_1_212' title='bbox 2019 2767 2166 2818; x_wconf 89' lang='lat' dir='ltr'>cum</span> <span class='ocrx_word' id='word_1_213' title='bbox 2225 2767 2299 2814; x_wconf 88' lang='lat' dir='ltr'>ea</span> <span class='ocrx_word' id='word_1_214' title='bbox 2355 2768 2511 2833; x_wconf 86' lang='lat' dir='ltr'>quae</span> <span class='ocrx_word' id='word_1_215' title='bbox 2568 2750 2648 2815; x_wconf 90' lang='lat' dir='ltr'>ad</span> <span class='ocrx_word' id='word_1_216' title='bbox 2692 2767 2758 2815; x_wconf 91' lang='lat' dir='ltr'>se</span> 
     </span>
     <span class='ocr_line' id='line_1_25' title="bbox 497 2850 2756 2935; baseline -0.001 -17"><span class='ocrx_word' id='word_1_217' title='bbox 497 2854 808 2935; x_wconf 87' lang='lat' dir='ltr'>pertinent</span> <span class='ocrx_word' id='word_1_218' title='bbox 850 2855 1142 2920; x_wconf 89' lang='lat' dir='ltr'>uniuersa</span> <span class='ocrx_word' id='word_1_219' title='bbox 1186 2853 1643 2932; x_wconf 82' lang='lat' dir='ltr'>transtulerint,</span> <span class='ocrx_word' id='word_1_220' title='bbox 1693 2857 1843 2919; x_wconf 91' lang='lat' dir='ltr'>tunc</span> <span class='ocrx_word' id='word_1_221' title='bbox 1888 2853 2008 2935; x_wconf 87' lang='lat' dir='ltr'>ipsi</span> <span class='ocrx_word' id='word_1_222' title='bbox 2053 2854 2119 2918; x_wconf 89' lang='lat' dir='ltr'>in</span> <span class='ocrx_word' id='word_1_223' title='bbox 2165 2851 2420 2934; x_wconf 88' lang='lat' dir='ltr'>plenam</span> <span class='ocrx_word' id='word_1_224' title='bbox 2464 2870 2537 2917; x_wconf 89' lang='lat' dir='ltr'>ac</span> <span class='ocrx_word' id='word_1_225' title='bbox 2564 2850 2756 2917; x_wconf 87' lang='lat' dir='ltr'>refer-</span> 
     </span>
     <span class='ocr_line' id='line_1_26' title="bbox 428 2955 2756 3042; baseline -0.002 -17"><span class='ocrx_word' id='word_1_226' title='bbox 428 2984 480 3027; x_wconf 75' lang='lat'>25</span> <span class='ocrx_word' id='word_1_227' title='bbox 497 2957 631 3022; x_wconf 90' lang='lat' dir='ltr'>tam</span> <span class='ocrx_word' id='word_1_228' title='bbox 697 2956 869 3022; x_wconf 88' lang='lat' dir='ltr'>bonis</span> <span class='ocrx_word' id='word_1_229' title='bbox 924 2955 1364 3023; x_wconf 85' lang='lat' dir='ltr'>inmortalibus</span> <span class='ocrx_word' id='word_1_230' title='bbox 1424 2961 1701 3042; x_wconf 90' lang='lat' dir='ltr'>domum,</span> <span class='ocrx_word' id='word_1_231' title='bbox 1769 2956 2109 3040; x_wconf 88' lang='lat' dir='ltr'>praemissa</span> <span class='ocrx_word' id='word_1_232' title='bbox 2163 2974 2372 3023; x_wconf 89' lang='lat' dir='ltr'>rerum</span> <span class='ocrx_word' id='word_1_233' title='bbox 2433 2955 2756 3040; x_wconf 85' lang='lat' dir='ltr'>facultate,</span> 
     </span>
     <span class='ocr_line' id='line_1_27' title="bbox 499 3053 2754 3145; baseline -0.001 -20"><span class='ocrx_word' id='word_1_234' title='bbox 499 3060 931 3145; x_wconf 83' lang='lat' dir='ltr'>commigrent,</span> <span class='ocrx_word' id='word_1_235' title='bbox 977 3053 1178 3129; x_wconf 84' lang='lat' dir='ltr'>securi</span> <span class='ocrx_word' id='word_1_236' title='bbox 1222 3060 1455 3145; x_wconf 88' lang='lat' dir='ltr'>absque</span> <span class='ocrx_word' id='word_1_237' title='bbox 1493 3060 1684 3126; x_wconf 89' lang='lat' dir='ltr'>dubio</span> <span class='ocrx_word' id='word_1_238' title='bbox 1733 3059 1891 3125; x_wconf 89' lang='lat' dir='ltr'>nihil</span> <span class='ocrx_word' id='word_1_239' title='bbox 1940 3059 2065 3125; x_wconf 91' lang='lat' dir='ltr'>sibi</span> <span class='ocrx_word' id='word_1_240' title='bbox 2108 3062 2327 3141; x_wconf 89' lang='lat' dir='ltr'>postea</span> <span class='ocrx_word' id='word_1_241' title='bbox 2372 3057 2754 3138; x_wconf 87' lang='lat' dir='ltr'>defuturum,</span> 
     </span>
     <span class='ocr_line' id='line_1_28' title="bbox 500 3149 2754 3246; baseline -0.001 -19"><span class='ocrx_word' id='word_1_242' title='bbox 500 3149 606 3245; x_wconf 89' lang='lat' dir='ltr'>qui</span> <span class='ocrx_word' id='word_1_243' title='bbox 652 3162 877 3228; x_wconf 84' lang='lat' dir='ltr'>exituri</span> <span class='ocrx_word' id='word_1_244' title='bbox 920 3167 995 3229; x_wconf 90' lang='lat' dir='ltr'>de</span> <span class='ocrx_word' id='word_1_245' title='bbox 1040 3163 1397 3230; x_wconf 88' lang='lat' dir='ltr'>habitaculo</span> <span class='ocrx_word' id='word_1_246' title='bbox 1443 3162 1562 3228; x_wconf 92' lang='lat' dir='ltr'>uili</span> <span class='ocrx_word' id='word_1_247' title='bbox 1608 3166 1670 3228; x_wconf 92' lang='lat' dir='ltr'>et</span> <span class='ocrx_word' id='word_1_248' title='bbox 1711 3159 2177 3246; x_wconf 64' lang='lat' dir='ltr'>‘contemptibili</span> <span class='ocrx_word' id='word_1_249' title='bbox 2210 3180 2282 3227; x_wconf 88' lang='lat' dir='ltr'>ac</span> <span class='ocrx_word' id='word_1_250' title='bbox 2327 3161 2456 3226; x_wconf 90' lang='lat' dir='ltr'>iam</span> <span class='ocrx_word' id='word_1_251' title='bbox 2502 3161 2754 3244; x_wconf 89' lang='lat' dir='ltr'>iamque</span> 
     </span>
     <span class='ocr_line' id='line_1_29' title="bbox 494 3263 2754 3349; baseline -0.002 -18"><span class='ocrx_word' id='word_1_252' title='bbox 494 3266 751 3348; x_wconf 30' lang='lat' dir='ltr'>,ruituro</span> <span class='ocrx_word' id='word_1_253' title='bbox 801 3266 958 3334; x_wconf 91' lang='lat' dir='ltr'>nihil</span> <span class='ocrx_word' id='word_1_254' title='bbox 1026 3267 1162 3344; x_wconf 84' lang='lat' dir='ltr'>illic</span> <span class='ocrx_word' id='word_1_255' title='bbox 1221 3268 1303 3332; x_wconf 87' lang='lat' dir='ltr'>de</span> <span class='ocrx_word' id='word_1_256' title='bbox 1357 3284 1468 3331; x_wconf 92' lang='lat' dir='ltr'>suo</span> <span class='ocrx_word' id='word_1_257' title='bbox 1535 3267 1788 3349; x_wconf 90' lang='lat' dir='ltr'>penitus</span> <span class='ocrx_word' id='word_1_258' title='bbox 1853 3265 2225 3349; x_wconf 83' lang='lat' dir='ltr'>reliquerint</span> <span class='ocrx_word' id='word_1_259' title='bbox 2280 3266 2442 3347; x_wconf 87' lang='lat' dir='ltr'>quod</span> <span class='ocrx_word' id='word_1_260' title='bbox 2502 3263 2754 3345; x_wconf 88' lang='lat' dir='ltr'>periret.</span> 
     </span>
     <span class='ocr_line' id='line_1_30' title="bbox 496 3366 2864 3453; baseline -0 -21"><span class='ocrx_word' id='word_1_261' title='bbox 496 3368 645 3434; x_wconf 87' lang='lat' dir='ltr'>haec</span> <span class='ocrx_word' id='word_1_262' title='bbox 688 3387 835 3451; x_wconf 79' lang='lat' dir='ltr'>ergo</span> <span class='ocrx_word' id='word_1_263' title='bbox 880 3373 1236 3436; x_wconf 89' lang='lat' dir='ltr'>sanctorum</span> <span class='ocrx_word' id='word_1_264' title='bbox 1282 3388 1423 3453; x_wconf 90' lang='lat' dir='ltr'>spes</span> <span class='ocrx_word' id='word_1_265' title='bbox 1471 3368 1622 3434; x_wconf 89' lang='lat' dir='ltr'>haec</span> <span class='ocrx_word' id='word_1_266' title='bbox 1666 3368 1898 3436; x_wconf 89' lang='lat' dir='ltr'>fiducia</span> <span class='ocrx_word' id='word_1_267' title='bbox 1939 3371 2067 3434; x_wconf 90' lang='lat' dir='ltr'>est:</span> <span class='ocrx_word' id='word_1_268' title='bbox 2135 3367 2226 3434; x_wconf 88' lang='lat' dir='ltr'>sic</span> <span class='ocrx_word' id='word_1_269' title='bbox 2283 3366 2405 3433; x_wconf 91' lang='lat' dir='ltr'>sibi</span> <span class='ocrx_word' id='word_1_270' title='bbox 2462 3367 2759 3449; x_wconf 87' lang='lat' dir='ltr'>opulenta</span> <span class='ocrx_word' id='word_1_271' title='bbox 2777 3374 2864 3441; x_wconf 86' lang='lat'>44</span> 
     </span>
     <span class='ocr_line' id='line_1_31' title="bbox 424 3469 2755 3560; baseline 0 -24"><span class='ocrx_word' id='word_1_272' title='bbox 424 3504 478 3545; x_wconf 73' lang='lat' dir='ltr'>so</span> <span class='ocrx_word' id='word_1_273' title='bbox 496 3490 704 3537; x_wconf 89' lang='lat' dir='ltr'>rerum</span> <span class='ocrx_word' id='word_1_274' title='bbox 777 3472 1252 3538; x_wconf 89' lang='lat' dir='ltr'>transmissione</span> <span class='ocrx_word' id='word_1_275' title='bbox 1323 3472 1744 3560; x_wconf 83' lang='lat' dir='ltr'>prospiciunt,</span> <span class='ocrx_word' id='word_1_276' title='bbox 1837 3476 1909 3537; x_wconf 91' lang='lat' dir='ltr'>ut</span> <span class='ocrx_word' id='word_1_277' title='bbox 1981 3471 2252 3536; x_wconf 89' lang='lat' dir='ltr'>aeternis</span> <span class='ocrx_word' id='word_1_278' title='bbox 2321 3469 2755 3536; x_wconf 90' lang='lat' dir='ltr'>inmortalium</span> 
     </span>
     <span class='ocr_line' id='line_1_32' title="bbox 494 3563 2752 3662; baseline -0.001 -23"><span class='ocrx_word' id='word_1_279' title='bbox 494 3563 874 3641; x_wconf 50' lang='lat' dir='ltr'>¹facultatum</span> <span class='ocrx_word' id='word_1_280' title='bbox 918 3576 1114 3659; x_wconf 87' lang='lat' dir='ltr'>copiis</span> <span class='ocrx_word' id='word_1_281' title='bbox 1157 3576 1580 3658; x_wconf 84' lang='lat' dir='ltr'>perfruantur.</span> <span class='ocrx_word' id='word_1_282' title='bbox 1646 3578 1923 3640; x_wconf 87' lang='lat' dir='ltr'>ceterum</span> <span class='ocrx_word' id='word_1_283' title='bbox 1971 3573 2061 3653; x_wconf 90' lang='lat' dir='ltr'>tu,</span> <span class='ocrx_word' id='word_1_284' title='bbox 2110 3569 2484 3662; x_wconf 87' lang='lat' dir='ltr'>quicumque</span> <span class='ocrx_word' id='word_1_285' title='bbox 2529 3571 2641 3638; x_wconf 91' lang='lat' dir='ltr'>ille</span> <span class='ocrx_word' id='word_1_286' title='bbox 2687 3591 2752 3637; x_wconf 91' lang='lat' dir='ltr'>es</span> 
     </span>
    </p>
   </div>
   <div class='ocr_carea' id='block_1_3' title="bbox 704 3745 1227 3842">
    <p class='ocr_par' dir='ltr' id='par_1_3' title="bbox 704 3745 1227 3842">
     <span class='ocr_line' id='line_1_33' title="bbox 704 3745 1227 3842; baseline 0.002 -10"><span class='ocrx_word' id='word_1_287' title='bbox 704 3779 767 3833; x_wconf 85' lang='lat'>16</span> <span class='ocrx_word' id='word_1_288' title='bbox 800 3745 1002 3833; x_wconf 55' lang='lat' dir='ltr'>&#39;Masta</span> <span class='ocrx_word' id='word_1_289' title='bbox 1044 3779 1122 3842; x_wconf 86' lang='lat'>19,</span> <span class='ocrx_word' id='word_1_290' title='bbox 1161 3753 1227 3836; x_wconf 76' lang='lat'>21</span> 
     </span>
    </p>
   </div>
   <div class='ocr_carea' id='block_1_4' title="bbox 598 3937 2620 4034">
    <p class='ocr_par' dir='ltr' id='par_1_4' title="bbox 598 3933 2620 4034">
     <span class='ocr_line' id='line_1_34' title="bbox 598 3937 2620 4034; baseline 0.001 -16"><span class='ocrx_word' id='word_1_291' title='bbox 598 3964 626 4018; x_wconf 95' lang='lat'>1</span> <span class='ocrx_word' id='word_1_292' title='bbox 664 3964 785 4034; x_wconf 87' lang='lat' dir='ltr'>quis</span> <span class='ocrx_word' id='word_1_293' title='bbox 820 3980 893 4021; x_wconf 78' lang='lat' dir='ltr'>ex</span> <span class='ocrx_word' id='word_1_294' title='bbox 927 3964 1019 4033; x_wconf 88' lang='lat' dir='ltr'>qui</span> <span class='ocrx_word' id='word_1_295' title='bbox 1053 3979 1194 4020; x_wconf 71' lang='lat' dir='ltr'>corr.</span> <span class='ocrx_word' id='word_1_296' title='bbox 1229 3939 1366 4021; x_wconf 59' lang='lat' dir='ltr'>via2</span> <span class='ocrx_word' id='word_1_297' title='bbox 1401 3966 1457 4020; x_wconf 89' lang='lat' dir='ltr'><strong><em>B</em></strong></span> <span class='ocrx_word' id='word_1_298' title='bbox 1540 3937 1559 4018; x_wconf 69' lang='grc' dir='ltr'><strong><em> </em></strong></span> <span class='ocrx_word' id='word_1_299' title='bbox 1653 3964 1689 4020; x_wconf 89' lang='grc'>8</span> <span class='ocrx_word' id='word_1_300' title='bbox 1724 3965 2007 4034; x_wconf 78' lang='lat' dir='ltr'>ignoscant</span> <span class='ocrx_word' id='word_1_301' title='bbox 2039 3979 2084 4019; x_wconf 82' lang='lat' dir='ltr'>s.</span> <span class='ocrx_word' id='word_1_302' title='bbox 2120 3979 2153 4019; x_wconf 84' lang='lat' dir='ltr'>a</span> <span class='ocrx_word' id='word_1_303' title='bbox 2186 3979 2288 4021; x_wconf 84' lang='lat' dir='ltr'>scr.</span> <span class='ocrx_word' id='word_1_304' title='bbox 2325 3980 2362 4019; x_wconf 90' lang='lat' dir='ltr'>u</span> <span class='ocrx_word' id='word_1_305' title='bbox 2397 3967 2531 4020; x_wconf 58' lang='lat' dir='ltr'>²1⁸.ss</span> <span class='ocrx_word' id='word_1_306' title='bbox 2565 3966 2620 4020; x_wconf 77' lang='lat' dir='ltr'><strong><em>A</em></strong></span> 
     </span>
    </p>
   </div>
   <div class='ocr_carea' id='block_1_5' title="bbox 491 4037 2755 4280">
    <p class='ocr_par' dir='ltr' id='par_1_5' title="bbox 491 4037 2755 4280">
     <span class='ocr_line' id='line_1_35' title="bbox 503 4037 2755 4120; baseline 0 -16"><span class='ocrx_word' id='word_1_307' title='bbox 503 4050 570 4104; x_wconf 89' lang='grc'>10</span> <span class='ocrx_word' id='word_1_308' title='bbox 620 4053 754 4120; x_wconf 65' lang='lat' dir='ltr'>aput</span> <span class='ocrx_word' id='word_1_309' title='bbox 803 4051 862 4106; x_wconf 75' lang='lat' dir='ltr'><strong><em>A</em></strong></span> <span class='ocrx_word' id='word_1_310' title='bbox 1068 4050 1158 4105; x_wconf 87' lang='lat'>13.</span> <span class='ocrx_word' id='word_1_311' title='bbox 1187 4037 1606 4114; x_wconf 69' lang='lat' dir='ltr'>conuersationis</span> <span class='ocrx_word' id='word_1_312' title='bbox 1657 4051 1713 4112; x_wconf 82' lang='lat' dir='ltr'><strong><em>B</em></strong></span> <span class='ocrx_word' id='word_1_313' title='bbox 1922 4051 1987 4105; x_wconf 88' lang='grc'>19</span> <span class='ocrx_word' id='word_1_314' title='bbox 2023 4050 2281 4108; x_wconf 79' lang='lat' dir='ltr'>honorum</span> <span class='ocrx_word' id='word_1_315' title='bbox 2315 4053 2370 4108; x_wconf 75' lang='lat' dir='ltr'><em>A</em></span> <span class='ocrx_word' id='word_1_316' title='bbox 2407 4056 2457 4107; x_wconf 81' lang='lat' dir='ltr'>et</span> <span class='ocrx_word' id='word_1_317' title='bbox 2492 4051 2532 4106; x_wconf 84' lang='lat' dir='ltr'>h</span> <span class='ocrx_word' id='word_1_318' title='bbox 2560 4058 2755 4120; x_wconf 71' lang='lat' dir='ltr'>punct.</span> 
     </span>
     <span class='ocr_line' id='line_1_36' title="bbox 491 4136 2619 4208; baseline -0.002 -12"><span class='ocrx_word' id='word_1_319' title='bbox 491 4137 550 4196; x_wconf 85' lang='lat' dir='ltr'><em>B</em></span> <span class='ocrx_word' id='word_1_320' title='bbox 740 4137 810 4192; x_wconf 78' lang='lat'>20</span> <span class='ocrx_word' id='word_1_321' title='bbox 843 4137 992 4207; x_wconf 72' lang='lat' dir='ltr'>prius</span> <span class='ocrx_word' id='word_1_322' title='bbox 1027 4137 1211 4192; x_wconf 87' lang='lat' dir='ltr'>omnia</span> <span class='ocrx_word' id='word_1_323' title='bbox 1241 4138 1298 4193; x_wconf 89' lang='lat' dir='ltr'><strong><em>B</em></strong></span> <span class='ocrx_word' id='word_1_324' title='bbox 1493 4138 1562 4196; x_wconf 74' lang='lat'>28</span> <span class='ocrx_word' id='word_1_325' title='bbox 1596 4137 1951 4208; x_wconf 84' lang='lat' dir='ltr'>relinquerint</span> <span class='ocrx_word' id='word_1_326' title='bbox 1983 4151 2055 4192; x_wconf 68' lang='grc' dir='ltr'>οε</span> <span class='ocrx_word' id='word_1_327' title='bbox 2090 4136 2190 4190; x_wconf 85' lang='lat' dir='ltr'>-rit</span> <span class='ocrx_word' id='word_1_328' title='bbox 2227 4151 2374 4194; x_wconf 83' lang='lat' dir='ltr'>corr.</span> <span class='ocrx_word' id='word_1_329' title='bbox 2396 4153 2468 4192; x_wconf 69' lang='lat' dir='ltr'>m,</span> <span class='ocrx_word' id='word_1_330' title='bbox 2491 4141 2529 4192; x_wconf 84' lang='lat'><strong><em>2</em></strong></span> <span class='ocrx_word' id='word_1_331' title='bbox 2562 4138 2619 4192; x_wconf 76' lang='lat' dir='ltr'><strong><em>A</em></strong></span> 
     </span>
     <span class='ocr_line' id='line_1_37' title="bbox 494 4224 884 4280; baseline 0.003 -1"><span class='ocrx_word' id='word_1_332' title='bbox 494 4226 563 4279; x_wconf 80' lang='grc'>29</span> <span class='ocrx_word' id='word_1_333' title='bbox 598 4224 794 4280; x_wconf 63' lang='lat' dir='ltr'>fidutia</span> <span class='ocrx_word' id='word_1_334' title='bbox 827 4225 884 4280; x_wconf 86' lang='grc' dir='ltr'><strong><em>Β</em></strong></span> 
     </span>
    </p>
   </div>
  </div>
 </body>
</html>
