<?xml version="1.0" encoding="UTF-8"?>
<!DOCTYPE html PUBLIC "-//W3C//DTD XHTML 1.0 Transitional//EN"
    "http://www.w3.org/TR/xhtml1/DTD/xhtml1-transitional.dtd">
<html xmlns="http://www.w3.org/1999/xhtml" xml:lang="en" lang="en">
 <head>
  <title>
</title>
<meta http-equiv="Content-Type" content="text/html;charset=utf-8" />
  <meta name='ocr-system' content='tesseract 3.04.00' />
  <meta name='ocr-capabilities' content='ocr_page ocr_carea ocr_par ocr_line ocrx_word'/>
</head>
<body>
  <div class='ocr_page' id='page_1' title='image "./operaomnia07paulgoog_0190.png"; bbox 0 0 3380 4919; ppageno 0'>
   <div class='ocr_carea' id='block_1_1' title="bbox 729 272 2016 392">
    <p class='ocr_par' dir='ltr' id='par_1_1' title="bbox 729 272 2016 392">
     <span class='ocr_line' id='line_1_1' title="bbox 729 272 2016 392; baseline -0.013 0"><span class='ocrx_word' id='word_1_1' title='bbox 729 326 851 392; x_wconf 82' lang='lat'>164</span> <span class='ocrx_word' id='word_1_2' title='bbox 1046 272 1073 294; x_wconf 1' lang='grc' dir='ltr'><strong><em>Β</em></strong></span> <span class='ocrx_word' id='word_1_3' title='bbox 1697 322 2016 377; x_wconf 87' lang='lat' dir='ltr'>Saluiani</span> 
     </span>
    </p>
   </div>
   <div class='ocr_carea' id='block_1_2' title="bbox 618 513 3069 3382">
    <p class='ocr_par' dir='ltr' id='par_1_2' title="bbox 626 513 3068 1216">
     <span class='ocr_line' id='line_1_2' title="bbox 730 513 2997 597; baseline 0 -17"><span class='ocrx_word' id='word_1_4' title='bbox 730 515 865 581; x_wconf 89' lang='lat' dir='ltr'>illic</span> <span class='ocrx_word' id='word_1_5' title='bbox 921 514 1350 597; x_wconf 77' lang='lat' dir='ltr'>impudicitiae</span> <span class='ocrx_word' id='word_1_6' title='bbox 1413 515 1879 582; x_wconf 80' lang='lat' dir='ltr'>damnationem</span> <span class='ocrx_word' id='word_1_7' title='bbox 1899 565 1915 593; x_wconf 90' lang='lat'><strong><em>,</em></strong></span> <span class='ocrx_word' id='word_1_8' title='bbox 1978 515 2052 581; x_wconf 92' lang='lat' dir='ltr'>ut</span> <span class='ocrx_word' id='word_1_9' title='bbox 2097 514 2424 582; x_wconf 89' lang='lat' dir='ltr'>Wandalis</span> <span class='ocrx_word' id='word_1_10' title='bbox 2480 513 2874 596; x_wconf 86' lang='lat' dir='ltr'>potissimum</span> <span class='ocrx_word' id='word_1_11' title='bbox 2924 515 2997 580; x_wconf 81' lang='lat' dir='ltr'>id</span> 
     </span>
     <span class='ocr_line' id='line_1_3' title="bbox 626 617 2992 701; baseline 0 -18"><span class='ocrx_word' id='word_1_12' title='bbox 626 618 708 684; x_wconf 83' lang='grc'>27</span> <span class='ocrx_word' id='word_1_13' title='bbox 730 622 825 683; x_wconf 85' lang='lat' dir='ltr'>est</span> <span class='ocrx_word' id='word_1_14' title='bbox 869 618 1110 700; x_wconf 89' lang='lat' dir='ltr'>pudicis</span> <span class='ocrx_word' id='word_1_15' title='bbox 1155 618 1434 686; x_wconf 87' lang='lat' dir='ltr'>barbaris</span> <span class='ocrx_word' id='word_1_16' title='bbox 1465 618 1879 683; x_wconf 77' lang='lat' dir='ltr'>traderentur.</span> <span class='ocrx_word' id='word_1_17' title='bbox 1928 617 2264 701; x_wconf 80' lang='lat' dir='ltr'>dupliciter</span> <span class='ocrx_word' id='word_1_18' title='bbox 2307 620 2372 683; x_wconf 93' lang='lat' dir='ltr'>in</span> <span class='ocrx_word' id='word_1_19' title='bbox 2416 617 2530 683; x_wconf 90' lang='lat' dir='ltr'>illa</span> <span class='ocrx_word' id='word_1_20' title='bbox 2565 617 2992 700; x_wconf 85' lang='lat' dir='ltr'>Hispanorum</span> 
     </span>
     <span class='ocr_line' id='line_1_4' title="bbox 732 719 2995 803; baseline 0 -18"><span class='ocrx_word' id='word_1_21' title='bbox 732 720 1103 803; x_wconf 86' lang='lat' dir='ltr'>captiuitate</span> <span class='ocrx_word' id='word_1_22' title='bbox 1167 721 1492 787; x_wconf 86' lang='lat' dir='ltr'>ostendere</span> <span class='ocrx_word' id='word_1_23' title='bbox 1538 721 1690 785; x_wconf 88' lang='lat' dir='ltr'>deus</span> <span class='ocrx_word' id='word_1_24' title='bbox 1752 719 1955 785; x_wconf 91' lang='lat' dir='ltr'>uoluit</span> <span class='ocrx_word' id='word_1_25' title='bbox 2018 725 2323 803; x_wconf 86' lang='lat' dir='ltr'>quantum</span> <span class='ocrx_word' id='word_1_26' title='bbox 2381 724 2443 785; x_wconf 93' lang='lat' dir='ltr'>et</span> <span class='ocrx_word' id='word_1_27' title='bbox 2505 721 2739 786; x_wconf 89' lang='lat' dir='ltr'>odisset</span> <span class='ocrx_word' id='word_1_28' title='bbox 2784 722 2995 787; x_wconf 86' lang='lat' dir='ltr'>carnis</span> 
     </span>
     <span class='ocr_line' id='line_1_5' title="bbox 725 822 2989 906; baseline -0 -18"><span class='ocrx_word' id='word_1_29' title='bbox 725 824 1053 890; x_wconf 86' lang='lat' dir='ltr'>libidinem</span> <span class='ocrx_word' id='word_1_30' title='bbox 1097 825 1161 890; x_wconf 92' lang='lat' dir='ltr'>et</span> <span class='ocrx_word' id='word_1_31' title='bbox 1206 824 1502 906; x_wconf 86' lang='lat' dir='ltr'>diligeret</span> <span class='ocrx_word' id='word_1_32' title='bbox 1545 823 1923 902; x_wconf 86' lang='lat' dir='ltr'>castitatem,</span> <span class='ocrx_word' id='word_1_33' title='bbox 1979 842 2122 888; x_wconf 89' lang='grc'><strong>00111</strong></span> <span class='ocrx_word' id='word_1_34' title='bbox 2168 825 2232 889; x_wconf 89' lang='lat' dir='ltr'>et</span> <span class='ocrx_word' id='word_1_35' title='bbox 2281 822 2618 890; x_wconf 84' lang='lat' dir='ltr'>Wandalos</span> <span class='ocrx_word' id='word_1_36' title='bbox 2665 824 2740 888; x_wconf 92' lang='lat' dir='ltr'>ob</span> <span class='ocrx_word' id='word_1_37' title='bbox 2791 825 2989 890; x_wconf 87' lang='lat' dir='ltr'>solam</span> 
     </span>
     <span class='ocr_line' id='line_1_6' title="bbox 725 925 3068 1010; baseline 0 -18"><span class='ocrx_word' id='word_1_38' title='bbox 725 928 996 992; x_wconf 85' lang='lat' dir='ltr'>maxime</span> <span class='ocrx_word' id='word_1_39' title='bbox 1052 926 1420 1010; x_wconf 82' lang='lat' dir='ltr'>pudicitiam</span> <span class='ocrx_word' id='word_1_40' title='bbox 1490 926 1938 1008; x_wconf 85' lang='lat' dir='ltr'>superponeret</span> <span class='ocrx_word' id='word_1_41' title='bbox 1994 926 2060 990; x_wconf 92' lang='lat' dir='ltr'>et</span> <span class='ocrx_word' id='word_1_42' title='bbox 2117 925 2434 1008; x_wconf 87' lang='lat' dir='ltr'>Hispanos</span> <span class='ocrx_word' id='word_1_43' title='bbox 2492 927 2570 991; x_wconf 94' lang='lat' dir='ltr'>ob</span> <span class='ocrx_word' id='word_1_44' title='bbox 2628 926 2825 991; x_wconf 85' lang='lat' dir='ltr'>solam</span> <span class='ocrx_word' id='word_1_45' title='bbox 2884 927 2990 992; x_wconf 90' lang='grc'>001</span> <span class='ocrx_word' id='word_1_46' title='bbox 3032 951 3068 993; x_wconf 75' lang='lat'>⁵</span> 
     </span>
     <span class='ocr_line' id='line_1_7' title="bbox 725 1028 2989 1113; baseline -0.001 -17"><span class='ocrx_word' id='word_1_47' title='bbox 725 1031 994 1096; x_wconf 81' lang='lat' dir='ltr'>maxime</span> <span class='ocrx_word' id='word_1_48' title='bbox 1037 1029 1498 1113; x_wconf 85' lang='lat' dir='ltr'>impudicitiam</span> <span class='ocrx_word' id='word_1_49' title='bbox 1547 1030 1936 1111; x_wconf 88' lang='lat' dir='ltr'>subiugaret.</span> <span class='ocrx_word' id='word_1_50' title='bbox 2016 1028 2166 1111; x_wconf 91' lang='lat' dir='ltr'>quid</span> <span class='ocrx_word' id='word_1_51' title='bbox 2218 1029 2432 1094; x_wconf 80' lang='lat' dir='ltr'>enim?</span> <span class='ocrx_word' id='word_1_52' title='bbox 2505 1029 2809 1111; x_wconf 89' lang='lat' dir='ltr'>numquid</span> <span class='ocrx_word' id='word_1_53' title='bbox 2864 1048 2989 1095; x_wconf 92' lang='lat' dir='ltr'>non</span> 
     </span>
     <span class='ocr_line' id='line_1_8' title="bbox 727 1133 2991 1216; baseline -0.001 -17"><span class='ocrx_word' id='word_1_54' title='bbox 727 1138 903 1199; x_wconf 88' lang='lat' dir='ltr'>erant</span> <span class='ocrx_word' id='word_1_55' title='bbox 933 1135 1001 1199; x_wconf 90' lang='lat' dir='ltr'>in</span> <span class='ocrx_word' id='word_1_56' title='bbox 1033 1135 1204 1198; x_wconf 91' lang='lat' dir='ltr'>omni</span> <span class='ocrx_word' id='word_1_57' title='bbox 1234 1136 1378 1211; x_wconf 81' lang='lat' dir='ltr'>orbe</span> <span class='ocrx_word' id='word_1_58' title='bbox 1408 1136 1721 1198; x_wconf 88' lang='lat' dir='ltr'>terrarum</span> <span class='ocrx_word' id='word_1_59' title='bbox 1754 1134 2000 1198; x_wconf 89' lang='lat' dir='ltr'>barbari</span> <span class='ocrx_word' id='word_1_60' title='bbox 2031 1133 2339 1213; x_wconf 86' lang='lat' dir='ltr'>fortiores,</span> <span class='ocrx_word' id='word_1_61' title='bbox 2390 1133 2614 1216; x_wconf 88' lang='lat' dir='ltr'>quibus</span> <span class='ocrx_word' id='word_1_62' title='bbox 2642 1133 2991 1216; x_wconf 84' lang='lat' dir='ltr'>Hispaniae</span> 
     </span>
    </p>

    <p class='ocr_par' dir='ltr' id='par_1_3' title="bbox 618 1235 3069 2644">
     <span class='ocr_line' id='line_1_9' title="bbox 618 1235 2988 1318; baseline -0.002 -14"><span class='ocrx_word' id='word_1_63' title='bbox 618 1238 705 1304; x_wconf 90' lang='grc'>28</span> <span class='ocrx_word' id='word_1_64' title='bbox 725 1239 1168 1303; x_wconf 78' lang='lat' dir='ltr'>traderentur?</span> <span class='ocrx_word' id='word_1_65' title='bbox 1212 1236 1401 1301; x_wconf 92' lang='lat' dir='ltr'>multi</span> <span class='ocrx_word' id='word_1_66' title='bbox 1431 1237 1663 1318; x_wconf 82' lang='lat' dir='ltr'>absque</span> <span class='ocrx_word' id='word_1_67' title='bbox 1708 1235 1915 1313; x_wconf 89' lang='lat' dir='ltr'>dubio,</span> <span class='ocrx_word' id='word_1_68' title='bbox 1965 1236 2178 1316; x_wconf 89' lang='lat' dir='ltr'>immo,</span> <span class='ocrx_word' id='word_1_69' title='bbox 2227 1236 2290 1300; x_wconf 91' lang='lat' dir='ltr'>ni</span> <span class='ocrx_word' id='word_1_70' title='bbox 2338 1235 2543 1310; x_wconf 82' lang='lat' dir='ltr'>fallor,</span> <span class='ocrx_word' id='word_1_71' title='bbox 2593 1254 2828 1301; x_wconf 89' lang='lat' dir='ltr'>omnes.</span> <span class='ocrx_word' id='word_1_72' title='bbox 2875 1237 2988 1301; x_wconf 88' lang='lat' dir='ltr'>sed</span> 
     </span>
     <span class='ocr_line' id='line_1_10' title="bbox 727 1336 2992 1420; baseline 0 -17"><span class='ocrx_word' id='word_1_73' title='bbox 727 1339 866 1405; x_wconf 93' lang='lat' dir='ltr'>ideo</span> <span class='ocrx_word' id='word_1_74' title='bbox 912 1339 1018 1405; x_wconf 93' lang='lat' dir='ltr'>ille</span> <span class='ocrx_word' id='word_1_75' title='bbox 1064 1339 1509 1404; x_wconf 83' lang='lat' dir='ltr'>infirmissimis</span> <span class='ocrx_word' id='word_1_76' title='bbox 1555 1336 1844 1403; x_wconf 87' lang='lat' dir='ltr'>hostibus</span> <span class='ocrx_word' id='word_1_77' title='bbox 1893 1340 2119 1403; x_wconf 86' lang='lat' dir='ltr'>cuncta</span> <span class='ocrx_word' id='word_1_78' title='bbox 2162 1338 2456 1420; x_wconf 87' lang='lat' dir='ltr'>tradidit,</span> <span class='ocrx_word' id='word_1_79' title='bbox 2516 1342 2590 1403; x_wconf 92' lang='lat' dir='ltr'>ut</span> <span class='ocrx_word' id='word_1_80' title='bbox 2633 1340 2992 1404; x_wconf 86' lang='lat' dir='ltr'>ostenderet</span> 
     </span>
     <span class='ocr_line' id='line_1_11' title="bbox 724 1440 3069 1526; baseline 0 -19"><span class='ocrx_word' id='word_1_81' title='bbox 724 1442 969 1508; x_wconf 90' lang='lat' dir='ltr'>scilicet</span> <span class='ocrx_word' id='word_1_82' title='bbox 1014 1460 1137 1506; x_wconf 92' lang='lat' dir='ltr'>non</span> <span class='ocrx_word' id='word_1_83' title='bbox 1194 1444 1357 1507; x_wconf 90' lang='lat' dir='ltr'>uires</span> <span class='ocrx_word' id='word_1_84' title='bbox 1415 1440 1623 1507; x_wconf 90' lang='lat' dir='ltr'>ualere</span> <span class='ocrx_word' id='word_1_85' title='bbox 1679 1442 1791 1506; x_wconf 90' lang='lat' dir='ltr'>sed</span> <span class='ocrx_word' id='word_1_86' title='bbox 1848 1459 2099 1506; x_wconf 87' lang='lat' dir='ltr'>causam</span> <span class='ocrx_word' id='word_1_87' title='bbox 2122 1490 2138 1520; x_wconf 86' lang='lat'>‚</span> <span class='ocrx_word' id='word_1_88' title='bbox 2198 1460 2395 1524; x_wconf 91' lang='lat' dir='ltr'>neque</span> <span class='ocrx_word' id='word_1_89' title='bbox 2454 1460 2563 1507; x_wconf 89' lang='lat' dir='ltr'>nos</span> <span class='ocrx_word' id='word_1_90' title='bbox 2608 1443 2763 1507; x_wconf 87' lang='lat' dir='ltr'>tunc</span> <span class='ocrx_word' id='word_1_91' title='bbox 2806 1445 2987 1526; x_wconf 90' lang='lat' dir='ltr'>igna-</span> <span class='ocrx_word' id='word_1_92' title='bbox 3008 1468 3069 1507; x_wconf 76' lang='grc'>10</span> 
     </span>
     <span class='ocr_line' id='line_1_12' title="bbox 723 1542 2983 1627; baseline -0.001 -17"><span class='ocrx_word' id='word_1_93' title='bbox 723 1545 1122 1612; x_wconf 87' lang='lat' dir='ltr'>nissimorum</span> <span class='ocrx_word' id='word_1_94' title='bbox 1155 1545 1468 1627; x_wconf 88' lang='lat' dir='ltr'>quondam</span> <span class='ocrx_word' id='word_1_95' title='bbox 1499 1543 1776 1608; x_wconf 89' lang='lat' dir='ltr'>hostium</span> <span class='ocrx_word' id='word_1_96' title='bbox 1810 1542 2181 1609; x_wconf 86' lang='lat' dir='ltr'>fortitudine</span> <span class='ocrx_word' id='word_1_97' title='bbox 2235 1543 2416 1609; x_wconf 89' lang='lat' dir='ltr'>obrui</span> <span class='ocrx_word' id='word_1_98' title='bbox 2461 1545 2569 1608; x_wconf 86' lang='lat' dir='ltr'>sed</span> <span class='ocrx_word' id='word_1_99' title='bbox 2615 1544 2749 1610; x_wconf 91' lang='lat' dir='ltr'>sola</span> <span class='ocrx_word' id='word_1_100' title='bbox 2794 1545 2983 1609; x_wconf 90' lang='lat' dir='ltr'>uitio-</span> 
     </span>
     <span class='ocr_line' id='line_1_13' title="bbox 724 1646 2990 1730; baseline -0.001 -17"><span class='ocrx_word' id='word_1_101' title='bbox 724 1669 866 1714; x_wconf 91' lang='lat' dir='ltr'>rum</span> <span class='ocrx_word' id='word_1_102' title='bbox 921 1652 1276 1714; x_wconf 89' lang='lat' dir='ltr'>nostrorum</span> <span class='ocrx_word' id='word_1_103' title='bbox 1320 1647 1686 1730; x_wconf 89' lang='lat' dir='ltr'>impuritate</span> <span class='ocrx_word' id='word_1_104' title='bbox 1745 1649 2053 1729; x_wconf 88' lang='lat' dir='ltr'>superari:</span> <span class='ocrx_word' id='word_1_105' title='bbox 2110 1652 2183 1712; x_wconf 86' lang='lat' dir='ltr'>ut</span> <span class='ocrx_word' id='word_1_106' title='bbox 2246 1666 2392 1713; x_wconf 88' lang='lat' dir='ltr'>uere</span> <span class='ocrx_word' id='word_1_107' title='bbox 2448 1648 2512 1711; x_wconf 92' lang='lat' dir='ltr'>in</span> <span class='ocrx_word' id='word_1_108' title='bbox 2571 1666 2683 1714; x_wconf 90' lang='grc'><strong>1108</strong></span> <span class='ocrx_word' id='word_1_109' title='bbox 2739 1646 2990 1712; x_wconf 91' lang='lat' dir='ltr'>uenerit</span> 
     </span>
     <span class='ocr_line' id='line_1_14' title="bbox 726 1750 2983 1833; baseline -0.001 -17"><span class='ocrx_word' id='word_1_110' title='bbox 726 1752 964 1816; x_wconf 85' lang='lat' dir='ltr'>dietum</span> <span class='ocrx_word' id='word_1_111' title='bbox 1010 1751 1175 1830; x_wconf 83' lang='lat' dir='ltr'>ilud,</span> <span class='ocrx_word' id='word_1_112' title='bbox 1237 1769 1357 1833; x_wconf 91' lang='lat' dir='ltr'>quo</span> <span class='ocrx_word' id='word_1_113' title='bbox 1401 1752 1492 1817; x_wconf 90' lang='lat' dir='ltr'>ait</span> <span class='ocrx_word' id='word_1_114' title='bbox 1550 1750 1838 1816; x_wconf 87' lang='lat' dir='ltr'>dominus</span> <span class='ocrx_word' id='word_1_115' title='bbox 1898 1752 1975 1815; x_wconf 91' lang='lat' dir='ltr'>ad</span> <span class='ocrx_word' id='word_1_116' title='bbox 2020 1751 2320 1816; x_wconf 90' lang='lat' dir='ltr'>Iudaeos:</span> <span class='ocrx_word' id='word_1_117' title='bbox 2380 1752 2803 1816; x_wconf 87' lang='lat' dir='ltr'>secundum</span> <span class='ocrx_word' id='word_1_118' title='bbox 2860 1753 2983 1815; x_wconf 91' lang='lat' dir='ltr'>in-</span> 
     </span>
     <span class='ocr_line' id='line_1_15' title="bbox 725 1854 2988 1937; baseline -0.001 -17"><span class='ocrx_word' id='word_1_119' title='bbox 725 1855 1161 1921; x_wconf 89' lang='lat' dir='ltr'>munditias</span> <span class='ocrx_word' id='word_1_120' title='bbox 1215 1871 1392 1919; x_wconf 88' lang='lat' dir='ltr'>suas</span> <span class='ocrx_word' id='word_1_121' title='bbox 1439 1857 1516 1918; x_wconf 88' lang='lat' dir='ltr'>et</span> <span class='ocrx_word' id='word_1_122' title='bbox 1573 1855 1998 1920; x_wconf 88' lang='lat' dir='ltr'>secundum</span> <span class='ocrx_word' id='word_1_123' title='bbox 2053 1854 2544 1937; x_wconf 89' lang='lat' dir='ltr'>iniquitates</span> <span class='ocrx_word' id='word_1_124' title='bbox 2600 1874 2779 1920; x_wconf 86' lang='lat' dir='ltr'>suas</span> <span class='ocrx_word' id='word_1_125' title='bbox 2834 1854 2988 1920; x_wconf 87' lang='lat' dir='ltr'>feci</span> 
     </span>
     <span class='ocr_line' id='line_1_16' title="bbox 726 1955 3068 2041; baseline 0.001 -19"><span class='ocrx_word' id='word_1_126' title='bbox 726 1957 936 2035; x_wconf 89' lang='lat' dir='ltr'>illis,</span> <span class='ocrx_word' id='word_1_127' title='bbox 984 1960 1060 2022; x_wconf 92' lang='lat' dir='ltr'>et</span> <span class='ocrx_word' id='word_1_128' title='bbox 1102 1957 1362 2021; x_wconf 85' lang='lat' dir='ltr'>auerti</span> <span class='ocrx_word' id='word_1_129' title='bbox 1407 1956 1692 2020; x_wconf 85' lang='lat' dir='ltr'>faeiem</span> <span class='ocrx_word' id='word_1_130' title='bbox 1738 1973 1979 2021; x_wconf 93' lang='lat' dir='ltr'>meam</span> <span class='ocrx_word' id='word_1_131' title='bbox 2024 1955 2114 2021; x_wconf 87' lang='lat' dir='ltr'>ab</span> <span class='ocrx_word' id='word_1_132' title='bbox 2161 1956 2295 2024; x_wconf 80' lang='lat' dir='ltr'>eie.</span> <span class='ocrx_word' id='word_1_133' title='bbox 2345 1957 2409 2020; x_wconf 91' lang='lat' dir='ltr'>et</span> <span class='ocrx_word' id='word_1_134' title='bbox 2437 1956 2591 2022; x_wconf 85' lang='lat' dir='ltr'>alibi</span> <span class='ocrx_word' id='word_1_135' title='bbox 2622 1958 2702 2022; x_wconf 90' lang='lat' dir='ltr'>ad</span> <span class='ocrx_word' id='word_1_136' title='bbox 2729 1958 3068 2041; x_wconf 63' lang='lat' dir='ltr'>gentemis</span> 
     </span>
     <span class='ocr_line' id='line_1_17' title="bbox 725 2059 2983 2143; baseline 0 -20"><span class='ocrx_word' id='word_1_137' title='bbox 725 2060 962 2143; x_wconf 89' lang='lat' dir='ltr'>ipsam:</span> <span class='ocrx_word' id='word_1_138' title='bbox 996 2059 1338 2125; x_wconf 82' lang='lat' dir='ltr'>adducet</span> <span class='ocrx_word' id='word_1_139' title='bbox 1384 2059 1747 2125; x_wconf 86' lang='lat' dir='ltr'>dominus</span> <span class='ocrx_word' id='word_1_140' title='bbox 1792 2062 2148 2142; x_wconf 88' lang='lat' dir='ltr'>superte</span> <span class='ocrx_word' id='word_1_141' title='bbox 2194 2064 2508 2142; x_wconf 86' lang='lat' dir='ltr'>gentem</span> <span class='ocrx_word' id='word_1_142' title='bbox 2556 2062 2638 2125; x_wconf 91' lang='lat' dir='ltr'>de</span> <span class='ocrx_word' id='word_1_143' title='bbox 2677 2061 2983 2142; x_wconf 92' lang='lat' dir='ltr'>longin-</span> 
     </span>
     <span class='ocr_line' id='line_1_18' title="bbox 728 2162 2986 2247; baseline 0 -19"><span class='ocrx_word' id='word_1_144' title='bbox 728 2181 905 2247; x_wconf 88' lang='lat' dir='ltr'>quo,</span> <span class='ocrx_word' id='word_1_145' title='bbox 953 2167 1014 2228; x_wconf 91' lang='lat' dir='ltr'>et</span> <span class='ocrx_word' id='word_1_146' title='bbox 1058 2162 1415 2245; x_wconf 76' lang='lat' dir='ltr'>nugalia,</span> <span class='ocrx_word' id='word_1_147' title='bbox 1462 2163 1685 2245; x_wconf 89' lang='lat' dir='ltr'>inquit,</span> <span class='ocrx_word' id='word_1_148' title='bbox 1733 2181 2103 2245; x_wconf 91' lang='lat' dir='ltr'>equorum</span> <span class='ocrx_word' id='word_1_149' title='bbox 2149 2181 2464 2228; x_wconf 90' lang='lat' dir='ltr'>suorum</span> <span class='ocrx_word' id='word_1_150' title='bbox 2516 2181 2778 2229; x_wconf 90' lang='lat' dir='ltr'>omnes</span> <span class='ocrx_word' id='word_1_151' title='bbox 2823 2166 2986 2246; x_wconf 90' lang='lat' dir='ltr'>pla·</span> 
     </span>
     <span class='ocr_line' id='line_1_19' title="bbox 725 2265 2990 2350; baseline 0 -19"><span class='ocrx_word' id='word_1_152' title='bbox 725 2271 894 2332; x_wconf 87' lang='lat' dir='ltr'>teas</span> <span class='ocrx_word' id='word_1_153' title='bbox 962 2268 1140 2332; x_wconf 89' lang='lat' dir='ltr'>tuas</span> <span class='ocrx_word' id='word_1_154' title='bbox 1208 2265 1793 2332; x_wconf 87' lang='lat' dir='ltr'>conculcabunt</span> <span class='ocrx_word' id='word_1_155' title='bbox 1860 2270 1938 2331; x_wconf 92' lang='lat' dir='ltr'>et</span> <span class='ocrx_word' id='word_1_156' title='bbox 2003 2267 2383 2349; x_wconf 89' lang='lat' dir='ltr'>populum</span> <span class='ocrx_word' id='word_1_157' title='bbox 2441 2270 2660 2331; x_wconf 88' lang='lat' dir='ltr'>tuum</span> <span class='ocrx_word' id='word_1_158' title='bbox 2718 2266 2990 2350; x_wconf 89' lang='lat' dir='ltr'>gladio</span> 
     </span>
     <span class='ocr_line' id='line_1_20' title="bbox 726 2369 2987 2454; baseline -0 -20"><span class='ocrx_word' id='word_1_159' title='bbox 726 2369 1253 2436; x_wconf 87' lang='lat' dir='ltr'>interficient.</span> <span class='ocrx_word' id='word_1_160' title='bbox 1330 2369 1640 2453; x_wconf 82' lang='lat' dir='ltr'>completa</span> <span class='ocrx_word' id='word_1_161' title='bbox 1695 2387 1841 2454; x_wconf 91' lang='lat' dir='ltr'>ergo</span> <span class='ocrx_word' id='word_1_162' title='bbox 1887 2369 1955 2434; x_wconf 92' lang='lat' dir='ltr'>in</span> <span class='ocrx_word' id='word_1_163' title='bbox 1996 2388 2107 2436; x_wconf 90' lang='grc'><strong>1108</strong></span> <span class='ocrx_word' id='word_1_164' title='bbox 2157 2373 2306 2435; x_wconf 90' lang='lat' dir='ltr'>sunt</span> <span class='ocrx_word' id='word_1_165' title='bbox 2351 2369 2575 2450; x_wconf 89' lang='lat' dir='ltr'>omnia,</span> <span class='ocrx_word' id='word_1_166' title='bbox 2626 2387 2781 2452; x_wconf 88' lang='lat' dir='ltr'>quae</span> <span class='ocrx_word' id='word_1_167' title='bbox 2829 2370 2987 2435; x_wconf 83' lang='lat' dir='ltr'>dixit</span> 
     </span>
     <span class='ocr_line' id='line_1_21' title="bbox 726 2473 3067 2555; baseline -0.001 -16"><span class='ocrx_word' id='word_1_168' title='bbox 726 2493 928 2541; x_wconf 84' lang='lat' dir='ltr'>sermo</span> <span class='ocrx_word' id='word_1_169' title='bbox 973 2474 1256 2553; x_wconf 89' lang='lat' dir='ltr'>diuinus,</span> <span class='ocrx_word' id='word_1_170' title='bbox 1303 2476 1367 2540; x_wconf 92' lang='lat' dir='ltr'>et</span> <span class='ocrx_word' id='word_1_171' title='bbox 1412 2473 1546 2538; x_wconf 91' lang='lat' dir='ltr'>uim</span> <span class='ocrx_word' id='word_1_172' title='bbox 1589 2475 1927 2540; x_wconf 90' lang='lat' dir='ltr'>uerborum</span> <span class='ocrx_word' id='word_1_173' title='bbox 1973 2474 2339 2540; x_wconf 83' lang='lat' dir='ltr'>caelestium</span> <span class='ocrx_word' id='word_1_174' title='bbox 2384 2474 2507 2540; x_wconf 91' lang='lat' dir='ltr'>luit</span> <span class='ocrx_word' id='word_1_175' title='bbox 2549 2492 2748 2555; x_wconf 88' lang='lat' dir='ltr'>poena</span> <span class='ocrx_word' id='word_1_176' title='bbox 2791 2492 2979 2539; x_wconf 88' lang='grc'><strong>00110-</strong></span> <span class='ocrx_word' id='word_1_177' title='bbox 3003 2504 3067 2545; x_wconf 67' lang='lat'>‚0</span> 
     </span>
     <span class='ocr_line' id='line_1_22' title="bbox 725 2578 951 2644; baseline 0.009 -3"><span class='ocrx_word' id='word_1_178' title='bbox 725 2578 951 2644; x_wconf 89' lang='lat' dir='ltr'>torum.</span> 
     </span>
    </p>

    <p class='ocr_par' dir='ltr' id='par_1_4' title="bbox 621 2679 3062 3382">
     <span class='ocr_line' id='line_1_23' title="bbox 621 2679 2981 2763; baseline 0 -18"><span class='ocrx_word' id='word_1_179' title='bbox 621 2679 706 2745; x_wconf 83' lang='lat'>29</span> <span class='ocrx_word' id='word_1_180' title='bbox 812 2679 989 2745; x_wconf 83' lang='lat' dir='ltr'><strong>VIII.</strong></span> <span class='ocrx_word' id='word_1_181' title='bbox 1037 2679 1157 2746; x_wconf 89' lang='lat' dir='ltr'>Sed</span> <span class='ocrx_word' id='word_1_182' title='bbox 1203 2681 1414 2745; x_wconf 89' lang='lat' dir='ltr'>tamen</span> <span class='ocrx_word' id='word_1_183' title='bbox 1462 2697 1604 2744; x_wconf 91' lang='lat' dir='ltr'>cum</span> <span class='ocrx_word' id='word_1_184' title='bbox 1638 2698 1848 2745; x_wconf 90' lang='lat' dir='ltr'>omnes</span> <span class='ocrx_word' id='word_1_185' title='bbox 1880 2679 2007 2745; x_wconf 88' lang='lat' dir='ltr'>fere</span> <span class='ocrx_word' id='word_1_186' title='bbox 2037 2680 2336 2754; x_wconf 84' lang='lat' dir='ltr'>barbarae</span> <span class='ocrx_word' id='word_1_187' title='bbox 2382 2681 2598 2763; x_wconf 88' lang='lat' dir='ltr'>gentes</span> <span class='ocrx_word' id='word_1_188' title='bbox 2629 2681 2981 2746; x_wconf 86' lang='lat' dir='ltr'>Romanum</span> 
     </span>
     <span class='ocr_line' id='line_1_24' title="bbox 726 2781 2982 2866; baseline 0 -19"><span class='ocrx_word' id='word_1_189' title='bbox 726 2781 1094 2865; x_wconf 85' lang='lat' dir='ltr'>sanguinem</span> <span class='ocrx_word' id='word_1_190' title='bbox 1149 2782 1426 2848; x_wconf 91' lang='lat' dir='ltr'>biberint</span> <span class='ocrx_word' id='word_1_191' title='bbox 1487 2800 1704 2847; x_wconf 88' lang='lat' dir='ltr'>omnes</span> <span class='ocrx_word' id='word_1_192' title='bbox 1760 2782 2012 2848; x_wconf 81' lang='lat' dir='ltr'>uiscera·</span> <span class='ocrx_word' id='word_1_193' title='bbox 2058 2785 2270 2849; x_wconf 89' lang='lat' dir='ltr'>nostra</span> <span class='ocrx_word' id='word_1_194' title='bbox 2325 2784 2770 2866; x_wconf 83' lang='lat' dir='ltr'>lacerauerint‚</span> <span class='ocrx_word' id='word_1_195' title='bbox 2832 2784 2982 2865; x_wconf 89' lang='lat' dir='ltr'>quid</span> 
     </span>
     <span class='ocr_line' id='line_1_25' title="bbox 726 2885 2976 2970; baseline 0 -19"><span class='ocrx_word' id='word_1_196' title='bbox 726 2887 820 2951; x_wconf 89' lang='lat' dir='ltr'>est</span> <span class='ocrx_word' id='word_1_197' title='bbox 864 2885 1026 2967; x_wconf 89' lang='lat' dir='ltr'>quod</span> <span class='ocrx_word' id='word_1_198' title='bbox 1087 2886 1237 2951; x_wconf 90' lang='lat' dir='ltr'>deus</span> <span class='ocrx_word' id='word_1_199' title='bbox 1296 2889 1505 2951; x_wconf 85' lang='lat' dir='ltr'>noster</span> <span class='ocrx_word' id='word_1_200' title='bbox 1559 2887 1862 2951; x_wconf 88' lang='lat' dir='ltr'>maximas</span> <span class='ocrx_word' id='word_1_201' title='bbox 1918 2887 2008 2952; x_wconf 91' lang='lat' dir='ltr'>rei</span> <span class='ocrx_word' id='word_1_202' title='bbox 2063 2886 2353 2969; x_wconf 90' lang='lat' dir='ltr'>publicae</span> <span class='ocrx_word' id='word_1_203' title='bbox 2397 2905 2544 2970; x_wconf 87' lang='lat' dir='ltr'>opes</span> <span class='ocrx_word' id='word_1_204' title='bbox 2590 2891 2653 2952; x_wconf 91' lang='lat' dir='ltr'>et</span> <span class='ocrx_word' id='word_1_205' title='bbox 2698 2887 2976 2970; x_wconf 91' lang='lat' dir='ltr'>locuple-</span> 
     </span>
     <span class='ocr_line' id='line_1_26' title="bbox 725 2987 3062 3076; baseline 0 -22"><span class='ocrx_word' id='word_1_206' title='bbox 725 2989 1003 3064; x_wconf 85' lang='lat' dir='ltr'>tissimos</span> <span class='ocrx_word' id='word_1_207' title='bbox 1046 2987 1313 3056; x_wconf 85' lang='lat' dir='ltr'>Romani</span> <span class='ocrx_word' id='word_1_208' title='bbox 1357 2989 1625 3054; x_wconf 88' lang='lat' dir='ltr'>nominis</span> <span class='ocrx_word' id='word_1_209' title='bbox 1670 2989 1929 3071; x_wconf 89' lang='lat' dir='ltr'>populos</span> <span class='ocrx_word' id='word_1_210' title='bbox 1975 2990 2041 3054; x_wconf 92' lang='lat' dir='ltr'>in</span> <span class='ocrx_word' id='word_1_211' title='bbox 2084 2989 2183 3055; x_wconf 90' lang='lat' dir='ltr'>ius</span> <span class='ocrx_word' id='word_1_212' title='bbox 2214 2990 2607 3076; x_wconf 87' lang='lat' dir='ltr'>potissimum</span> <span class='ocrx_word' id='word_1_213' title='bbox 2653 2989 2979 3073; x_wconf 88' lang='lat' dir='ltr'>ignauissi·</span> <span class='ocrx_word' id='word_1_214' title='bbox 2998 3014 3062 3055; x_wconf 59' lang='lat'>2⁵</span> 
     </span>
     <span class='ocr_line' id='line_1_27' title="bbox 725 3090 2983 3176; baseline 0 -20"><span class='ocrx_word' id='word_1_215' title='bbox 725 3110 969 3156; x_wconf 91' lang='lat' dir='ltr'>morum</span> <span class='ocrx_word' id='word_1_216' title='bbox 998 3090 1324 3173; x_wconf 43' lang='lat' dir='ltr'>,quondam</span> <span class='ocrx_word' id='word_1_217' title='bbox 1369 3091 1645 3157; x_wconf 89' lang='lat' dir='ltr'>hostium</span> <span class='ocrx_word' id='word_1_218' title='bbox 1692 3091 1908 3157; x_wconf 76' lang='lat' dir='ltr'>dedit?</span> <span class='ocrx_word' id='word_1_219' title='bbox 1965 3091 2159 3175; x_wconf 81' lang='lat' dir='ltr'>quid?</span> <span class='ocrx_word' id='word_1_220' title='bbox 2218 3092 2343 3157; x_wconf 86' lang='lat' dir='ltr'>nisi</span> <span class='ocrx_word' id='word_1_221' title='bbox 2388 3094 2460 3158; x_wconf 88' lang='lat' dir='ltr'>ut</span> <span class='ocrx_word' id='word_1_222' title='bbox 2505 3111 2983 3176; x_wconf 88' lang='lat' dir='ltr'>agnosceremus</span> 
     </span>
     <span class='ocr_line' id='line_1_28' title="bbox 726 3193 2985 3276; baseline 0 -17"><span class='ocrx_word' id='word_1_223' title='bbox 726 3194 996 3275; x_wconf 85' lang='lat' dir='ltr'>scilieet,</span> <span class='ocrx_word' id='word_1_224' title='bbox 1055 3194 1219 3276; x_wconf 89' lang='lat' dir='ltr'>quod</span> <span class='ocrx_word' id='word_1_225' title='bbox 1266 3212 1454 3275; x_wconf 90' lang='lat' dir='ltr'>supra</span> <span class='ocrx_word' id='word_1_226' title='bbox 1499 3193 1658 3274; x_wconf 86' lang='lat' dir='ltr'>dixi,</span> <span class='ocrx_word' id='word_1_227' title='bbox 1718 3194 2086 3260; x_wconf 88' lang='lat' dir='ltr'>meritorum</span> <span class='ocrx_word' id='word_1_228' title='bbox 2144 3195 2260 3260; x_wconf 90' lang='lat' dir='ltr'>hoo</span> <span class='ocrx_word' id='word_1_229' title='bbox 2319 3195 2512 3261; x_wconf 90' lang='lat' dir='ltr'>fuisse</span> <span class='ocrx_word' id='word_1_230' title='bbox 2557 3214 2680 3262; x_wconf 91' lang='lat' dir='ltr'>non</span> <span class='ocrx_word' id='word_1_231' title='bbox 2725 3195 2985 3272; x_wconf 79' lang='lat' dir='ltr'>uirium,</span> 
     </span>
     <span class='ocr_line' id='line_1_29' title="bbox 724 3297 2988 3382; baseline -0 -18"><span class='ocrx_word' id='word_1_232' title='bbox 724 3298 911 3380; x_wconf 89' lang='lat' dir='ltr'>atque</span> <span class='ocrx_word' id='word_1_233' title='bbox 978 3297 1183 3382; x_wconf 87' lang='lat' dir='ltr'>ipsum</span> <span class='ocrx_word' id='word_1_234' title='bbox 1250 3315 1490 3380; x_wconf 87' lang='lat' dir='ltr'>quoque</span> <span class='ocrx_word' id='word_1_235' title='bbox 1558 3298 1673 3363; x_wconf 89' lang='grc'><strong>1100</strong></span> <span class='ocrx_word' id='word_1_236' title='bbox 1742 3298 1918 3363; x_wconf 87' lang='lat' dir='ltr'>nobis</span> <span class='ocrx_word' id='word_1_237' title='bbox 1977 3299 2047 3363; x_wconf 93' lang='lat' dir='ltr'>in</span> <span class='ocrx_word' id='word_1_238' title='bbox 2115 3298 2539 3364; x_wconf 84' lang='lat' dir='ltr'>confusionem</span> <span class='ocrx_word' id='word_1_239' title='bbox 2602 3299 2854 3364; x_wconf 88' lang='lat' dir='ltr'>caderet</span> <span class='ocrx_word' id='word_1_240' title='bbox 2910 3317 2988 3363; x_wconf 86' lang='lat' dir='ltr'>ac</span> 
     </span>
    </p>
   </div>
   <div class='ocr_carea' id='block_1_3' title="bbox 928 3483 2786 3550">
    <p class='ocr_par' dir='ltr' id='par_1_5' title="bbox 928 3483 2786 3550">
     <span class='ocr_line' id='line_1_30' title="bbox 928 3483 2786 3550; baseline 0.001 -12"><span class='ocrx_word' id='word_1_241' title='bbox 928 3484 995 3539; x_wconf 86' lang='lat'>13</span> <span class='ocrx_word' id='word_1_242' title='bbox 1028 3483 1217 3538; x_wconf 85' lang='lat' dir='ltr'>Ezeoh.</span> <span class='ocrx_word' id='word_1_243' title='bbox 1252 3484 1338 3550; x_wconf 85' lang='lat'>39,</span> <span class='ocrx_word' id='word_1_244' title='bbox 1373 3483 1443 3537; x_wconf 83' lang='lat'>24</span> <span class='ocrx_word' id='word_1_245' title='bbox 1617 3484 1684 3537; x_wconf 86' lang='grc'>16</span> <span class='ocrx_word' id='word_1_246' title='bbox 1719 3484 1875 3538; x_wconf 83' lang='lat' dir='ltr'>Dent.</span> <span class='ocrx_word' id='word_1_247' title='bbox 1912 3485 1994 3549; x_wconf 83' lang='lat'>28,</span> <span class='ocrx_word' id='word_1_248' title='bbox 2029 3484 2100 3538; x_wconf 86' lang='lat'>49</span> <span class='ocrx_word' id='word_1_249' title='bbox 2276 3486 2338 3539; x_wconf 80' lang='lat'>17</span> <span class='ocrx_word' id='word_1_250' title='bbox 2375 3484 2563 3540; x_wconf 79' lang='lat' dir='ltr'>Ezeoh.</span> <span class='ocrx_word' id='word_1_251' title='bbox 2600 3485 2683 3547; x_wconf 83' lang='lat'>26,</span> <span class='ocrx_word' id='word_1_252' title='bbox 2723 3485 2786 3539; x_wconf 95' lang='lat'>11</span> 
     </span>
    </p>
   </div>
   <div class='ocr_carea' id='block_1_4' title="bbox 721 3654 2988 3894">
    <p class='ocr_par' dir='ltr' id='par_1_6' title="bbox 721 3654 2988 3894">
     <span class='ocr_line' id='line_1_31' title="bbox 826 3654 2988 3724; baseline -0 -15"><span class='ocrx_word' id='word_1_253' title='bbox 826 3657 855 3710; x_wconf 92' lang='lat'>1</span> <span class='ocrx_word' id='word_1_254' title='bbox 895 3655 1248 3724; x_wconf 85' lang='lat' dir='ltr'>pudissimum</span> <span class='ocrx_word' id='word_1_255' title='bbox 1284 3655 1340 3709; x_wconf 90' lang='lat' dir='ltr'><strong><em>A</em></strong></span> <span class='ocrx_word' id='word_1_256' title='bbox 1534 3654 1565 3707; x_wconf 82' lang='lat'><strong>7</strong></span> <span class='ocrx_word' id='word_1_257' title='bbox 1602 3654 1718 3708; x_wconf 87' lang='lat' dir='ltr'>erat</span> <span class='ocrx_word' id='word_1_258' title='bbox 1750 3670 1793 3708; x_wconf 85' lang='lat' dir='ltr'>s.</span> <span class='ocrx_word' id='word_1_259' title='bbox 1829 3668 1930 3709; x_wconf 80' lang='lat' dir='ltr'>scr.</span> <span class='ocrx_word' id='word_1_260' title='bbox 1967 3670 2003 3707; x_wconf 92' lang='lat' dir='ltr'>n</span> <span class='ocrx_word' id='word_1_261' title='bbox 2039 3669 2106 3708; x_wconf 86' lang='lat' dir='ltr'>m.</span> <span class='ocrx_word' id='word_1_262' title='bbox 2136 3656 2176 3708; x_wconf 81' lang='lat'><strong><em>2</em></strong></span> <span class='ocrx_word' id='word_1_263' title='bbox 2211 3654 2265 3707; x_wconf 98' lang='lat' dir='ltr'><strong><em>A</em></strong></span> <span class='ocrx_word' id='word_1_264' title='bbox 2423 3685 2426 3688; x_wconf 29' lang='grc' dir='ltr'><strong><em>ι</em></strong></span> <span class='ocrx_word' id='word_1_265' title='bbox 2461 3655 2496 3708; x_wconf 91' lang='grc'>8</span> <span class='ocrx_word' id='word_1_266' title='bbox 2529 3655 2587 3707; x_wconf 90' lang='grc'>111</span> <span class='ocrx_word' id='word_1_267' title='bbox 2622 3654 2780 3708; x_wconf 90' lang='lat' dir='ltr'>fallor</span> <span class='ocrx_word' id='word_1_268' title='bbox 2815 3654 2988 3708; x_wconf 85' lang='lat' dir='ltr'>immo</span> 
     </span>
     <span class='ocr_line' id='line_1_32' title="bbox 721 3738 2982 3807; baseline -0 -13"><span class='ocrx_word' id='word_1_269' title='bbox 721 3741 779 3794; x_wconf 88' lang='grc' dir='ltr'><strong><em>Β</em></strong></span> <span class='ocrx_word' id='word_1_270' title='bbox 984 3741 1017 3794; x_wconf 89' lang='grc'><strong>9</strong></span> <span class='ocrx_word' id='word_1_271' title='bbox 1064 3741 1146 3794; x_wconf 84' lang='grc'><strong>1111</strong></span> <span class='ocrx_word' id='word_1_272' title='bbox 1193 3739 1567 3794; x_wconf 81' lang='lat' dir='ltr'>eifirmissimis</span> <span class='ocrx_word' id='word_1_273' title='bbox 1611 3738 1708 3793; x_wconf 75' lang='lat' dir='ltr'>sed</span> <span class='ocrx_word' id='word_1_274' title='bbox 1739 3754 1913 3807; x_wconf 78' lang='lat' dir='ltr'>super</span> <span class='ocrx_word' id='word_1_275' title='bbox 1948 3739 1967 3792; x_wconf 91' lang='lat' dir='ltr'>i</span> <span class='ocrx_word' id='word_1_276' title='bbox 2003 3744 2202 3807; x_wconf 73' lang='lat' dir='ltr'>poster.</span> <span class='ocrx_word' id='word_1_277' title='bbox 2236 3739 2391 3793; x_wconf 75' lang='lat' dir='ltr'>uocis</span> <span class='ocrx_word' id='word_1_278' title='bbox 2425 3738 2513 3792; x_wconf 90' lang='grc'><strong>1111</strong></span> <span class='ocrx_word' id='word_1_279' title='bbox 2548 3754 2591 3795; x_wconf 81' lang='lat' dir='ltr'>s.</span> <span class='ocrx_word' id='word_1_280' title='bbox 2628 3755 2733 3794; x_wconf 75' lang='lat' dir='ltr'>ser.</span> <span class='ocrx_word' id='word_1_281' title='bbox 2770 3756 2837 3793; x_wconf 86' lang='lat' dir='ltr'>m.</span> <span class='ocrx_word' id='word_1_282' title='bbox 2875 3742 2916 3795; x_wconf 81' lang='lat'><strong><em>2</em></strong></span> <span class='ocrx_word' id='word_1_283' title='bbox 2951 3756 2982 3793; x_wconf 89' lang='lat' dir='ltr'>e</span> 
     </span>
     <span class='ocr_line' id='line_1_33' title="bbox 724 3823 2983 3894; baseline 0 -14"><span class='ocrx_word' id='word_1_284' title='bbox 724 3831 779 3880; x_wconf 81' lang='lat' dir='ltr'>et</span> <span class='ocrx_word' id='word_1_285' title='bbox 808 3841 979 3894; x_wconf 75' lang='lat' dir='ltr'>super</span> <span class='ocrx_word' id='word_1_286' title='bbox 1000 3826 1058 3879; x_wconf 84' lang='lat' dir='ltr'>:ei</span> <span class='ocrx_word' id='word_1_287' title='bbox 1092 3841 1197 3881; x_wconf 80' lang='lat' dir='ltr'>scr.</span> <span class='ocrx_word' id='word_1_288' title='bbox 1233 3825 1307 3879; x_wconf 88' lang='lat' dir='ltr'>iN</span> <span class='ocrx_word' id='word_1_289' title='bbox 1342 3826 1389 3879; x_wconf 88' lang='lat' dir='ltr'><strong><em>A</em></strong></span> <span class='ocrx_word' id='word_1_290' title='bbox 1601 3825 1667 3879; x_wconf 89' lang='lat'>10</span> <span class='ocrx_word' id='word_1_291' title='bbox 1703 3825 1845 3877; x_wconf 84' lang='lat' dir='ltr'>uires</span> <span class='ocrx_word' id='word_1_292' title='bbox 1882 3840 1953 3878; x_wconf 78' lang='lat' dir='ltr'>ex</span> <span class='ocrx_word' id='word_1_293' title='bbox 1986 3824 2123 3877; x_wconf 87' lang='lat' dir='ltr'>uiris</span> <span class='ocrx_word' id='word_1_294' title='bbox 2157 3826 2213 3880; x_wconf 90' lang='lat' dir='ltr'><strong><em>A</em></strong></span> <span class='ocrx_word' id='word_1_295' title='bbox 2247 3840 2387 3880; x_wconf 80' lang='lat' dir='ltr'>corr.</span> <span class='ocrx_word' id='word_1_296' title='bbox 2422 3840 2492 3878; x_wconf 86' lang='lat' dir='ltr'>m.</span> <span class='ocrx_word' id='word_1_297' title='bbox 2518 3826 2581 3890; x_wconf 80' lang='lat'>2,·</span> <span class='ocrx_word' id='word_1_298' title='bbox 2615 3823 2759 3878; x_wconf 80' lang='lat' dir='ltr'>idem</span> <span class='ocrx_word' id='word_1_299' title='bbox 2792 3825 2983 3880; x_wconf 78' lang='lat' dir='ltr'>statim</span> 
     </span>
    </p>
   </div>
   <div class='ocr_carea' id='block_1_5' title="bbox 717 3909 2986 4326">
    <p class='ocr_par' dir='ltr' id='par_1_7' title="bbox 723 3909 2843 3981">
     <span class='ocr_line' id='line_1_34' title="bbox 723 3909 2843 3981; baseline 0 -17"><span class='ocrx_word' id='word_1_300' title='bbox 723 3910 1252 3980; x_wconf 80' lang='lat' dir='ltr'>inignauissimorum</span> <span class='ocrx_word' id='word_1_301' title='bbox 1436 3912 1501 3966; x_wconf 90' lang='grc'>12</span> <span class='ocrx_word' id='word_1_302' title='bbox 1537 3911 1776 3981; x_wconf 82' lang='lat' dir='ltr'>puritate</span> <span class='ocrx_word' id='word_1_303' title='bbox 1808 3910 1864 3964; x_wconf 94' lang='lat' dir='ltr'><strong><em>A</em></strong></span> <span class='ocrx_word' id='word_1_304' title='bbox 2053 3910 2119 3963; x_wconf 87' lang='lat'>13</span> <span class='ocrx_word' id='word_1_305' title='bbox 2154 3910 2221 3963; x_wconf 87' lang='lat' dir='ltr'>ad</span> <span class='ocrx_word' id='word_1_306' title='bbox 2256 3909 2472 3964; x_wconf 79' lang='lat' dir='ltr'>iudaeos</span> <span class='ocrx_word' id='word_1_307' title='bbox 2509 3909 2753 3964; x_wconf 90' lang='lat' dir='ltr'>dominus</span> <span class='ocrx_word' id='word_1_308' title='bbox 2787 3910 2843 3964; x_wconf 98' lang='grc' dir='ltr'><strong><em>Β</em></strong></span> 
     </span>
    </p>

    <p class='ocr_par' dir='ltr' id='par_1_8' title="bbox 717 3995 2986 4326">
     <span class='ocr_line' id='line_1_35' title="bbox 727 3995 2986 4065; baseline 0 -14"><span class='ocrx_word' id='word_1_309' title='bbox 727 3997 791 4051; x_wconf 87' lang='grc'>16</span> <span class='ocrx_word' id='word_1_310' title='bbox 824 3999 881 4052; x_wconf 82' lang='lat' dir='ltr'>te</span> <span class='ocrx_word' id='word_1_311' title='bbox 905 4002 1034 4065; x_wconf 73' lang='lat' dir='ltr'>poet</span> <span class='ocrx_word' id='word_1_312' title='bbox 1069 3997 1295 4052; x_wconf 84' lang='lat' dir='ltr'>adducet</span> <span class='ocrx_word' id='word_1_313' title='bbox 1327 3998 1491 4052; x_wconf 77' lang='lat' dir='ltr'>habet</span> <span class='ocrx_word' id='word_1_314' title='bbox 1524 3998 1580 4051; x_wconf 93' lang='grc' dir='ltr'><strong><em>Β</em></strong></span> <span class='ocrx_word' id='word_1_315' title='bbox 1773 3997 1841 4050; x_wconf 90' lang='lat'>18</span> <span class='ocrx_word' id='word_1_316' title='bbox 1874 3996 1999 4049; x_wconf 81' lang='lat' dir='ltr'>tuas</span> <span class='ocrx_word' id='word_1_317' title='bbox 2034 4011 2137 4051; x_wconf 85' lang='lat' dir='ltr'>om.</span> <span class='ocrx_word' id='word_1_318' title='bbox 2176 3996 2230 4049; x_wconf 91' lang='grc' dir='ltr'><strong><em>Β</em></strong></span> <span class='ocrx_word' id='word_1_319' title='bbox 2424 3995 2488 4049; x_wconf 87' lang='grc'>19</span> <span class='ocrx_word' id='word_1_320' title='bbox 2523 3995 2580 4049; x_wconf 92' lang='lat' dir='ltr'>in</span> <span class='ocrx_word' id='word_1_321' title='bbox 2616 4011 2720 4050; x_wconf 72' lang='lat' dir='ltr'>om.</span> <span class='ocrx_word' id='word_1_322' title='bbox 2755 3996 2811 4050; x_wconf 87' lang='grc' dir='ltr'><strong><em>Β</em></strong></span> <span class='ocrx_word' id='word_1_323' title='bbox 2833 4012 2904 4051; x_wconf 86' lang='lat' dir='ltr'>m.</span> <span class='ocrx_word' id='word_1_324' title='bbox 2930 4002 2986 4062; x_wconf 73' lang='lat'>1,</span> 
     </span>
     <span class='ocr_line' id='line_1_36' title="bbox 722 4082 2983 4151; baseline 0 -14"><span class='ocrx_word' id='word_1_325' title='bbox 722 4082 850 4137; x_wconf 77' lang='lat' dir='ltr'>item</span> <span class='ocrx_word' id='word_1_326' title='bbox 884 4084 1070 4137; x_wconf 79' lang='lat' dir='ltr'>statim</span> <span class='ocrx_word' id='word_1_327' title='bbox 1106 4083 1244 4137; x_wconf 86' lang='lat' dir='ltr'>dixit</span> <span class='ocrx_word' id='word_1_328' title='bbox 1289 4099 1386 4138; x_wconf 89' lang='lat' dir='ltr'>om.</span> <span class='ocrx_word' id='word_1_329' title='bbox 1428 4083 1528 4150; x_wconf 84' lang='lat' dir='ltr'>(ait</span> <span class='ocrx_word' id='word_1_330' title='bbox 1566 4084 1638 4151; x_wconf 79' lang='lat' dir='ltr'>T)</span> <span class='ocrx_word' id='word_1_331' title='bbox 1848 4083 1917 4136; x_wconf 91' lang='grc'><strong>20</strong></span> <span class='ocrx_word' id='word_1_332' title='bbox 1970 4086 2281 4137; x_wconf 81' lang='lat' dir='ltr'>cunctarum</span> <span class='ocrx_word' id='word_1_333' title='bbox 2331 4082 2387 4136; x_wconf 87' lang='grc' dir='ltr'><strong><em>Β</em></strong></span> <span class='ocrx_word' id='word_1_334' title='bbox 2431 4099 2499 4136; x_wconf 90' lang='lat' dir='ltr'>m.</span> <span class='ocrx_word' id='word_1_335' title='bbox 2536 4086 2570 4136; x_wconf 88' lang='lat'><strong><em>1</em></strong></span> <span class='ocrx_word' id='word_1_336' title='bbox 2774 4083 2843 4137; x_wconf 85' lang='grc'>23</span> <span class='ocrx_word' id='word_1_337' title='bbox 2898 4084 2983 4138; x_wconf 84' lang='lat' dir='ltr'>bi-</span> 
     </span>
     <span class='ocr_line' id='line_1_37' title="bbox 723 4168 2984 4239; baseline 0.001 -16"><span class='ocrx_word' id='word_1_338' title='bbox 723 4168 900 4223; x_wconf 82' lang='lat' dir='ltr'>berint</span> <span class='ocrx_word' id='word_1_339' title='bbox 938 4185 1004 4223; x_wconf 80' lang='lat' dir='ltr'>ex</span> <span class='ocrx_word' id='word_1_340' title='bbox 1038 4169 1283 4225; x_wconf 89' lang='lat' dir='ltr'>biberent</span> <span class='ocrx_word' id='word_1_341' title='bbox 1319 4171 1373 4224; x_wconf 98' lang='lat' dir='ltr'><strong><em>A</em></strong></span> <span class='ocrx_word' id='word_1_342' title='bbox 1408 4185 1550 4225; x_wconf 82' lang='lat' dir='ltr'>corr.</span> <span class='ocrx_word' id='word_1_343' title='bbox 1585 4186 1656 4224; x_wconf 86' lang='lat' dir='ltr'>m.</span> <span class='ocrx_word' id='word_1_344' title='bbox 1692 4173 1756 4223; x_wconf 71' lang='lat'>22</span> <span class='ocrx_word' id='word_1_345' title='bbox 1810 4168 2063 4223; x_wconf 89' lang='lat' dir='ltr'>biberunt</span> <span class='ocrx_word' id='word_1_346' title='bbox 2097 4168 2154 4223; x_wconf 89' lang='grc' dir='ltr'><strong><em>Β</em></strong></span> <span class='ocrx_word' id='word_1_347' title='bbox 2291 4170 2358 4223; x_wconf 88' lang='grc'>25</span> <span class='ocrx_word' id='word_1_348' title='bbox 2392 4168 2617 4238; x_wconf 87' lang='lat' dir='ltr'>populos</span> <span class='ocrx_word' id='word_1_349' title='bbox 2653 4184 2720 4223; x_wconf 74' lang='lat' dir='ltr'>ex</span> <span class='ocrx_word' id='word_1_350' title='bbox 2753 4170 2984 4239; x_wconf 81' lang='lat' dir='ltr'>populus</span> 
     </span>
     <span class='ocr_line' id='line_1_38' title="bbox 717 4255 2499 4326; baseline -0.002 -14"><span class='ocrx_word' id='word_1_351' title='bbox 717 4256 777 4312; x_wconf 82' lang='lat' dir='ltr'><strong><em>A</em></strong></span> <span class='ocrx_word' id='word_1_352' title='bbox 812 4269 952 4311; x_wconf 82' lang='lat' dir='ltr'>corr.</span> <span class='ocrx_word' id='word_1_353' title='bbox 987 4272 1055 4309; x_wconf 89' lang='lat' dir='ltr'>m.</span> <span class='ocrx_word' id='word_1_354' title='bbox 1092 4258 1132 4310; x_wconf 81' lang='lat'><strong><em>2</em></strong></span> <span class='ocrx_word' id='word_1_355' title='bbox 1335 4256 1403 4311; x_wconf 88' lang='grc'>28</span> <span class='ocrx_word' id='word_1_356' title='bbox 1437 4271 1644 4326; x_wconf 86' lang='lat' dir='ltr'>quoque</span> <span class='ocrx_word' id='word_1_357' title='bbox 1678 4256 1736 4310; x_wconf 89' lang='grc' dir='ltr'><strong><em>Β</em></strong></span> <span class='ocrx_word' id='word_1_358' title='bbox 1766 4270 1809 4310; x_wconf 82' lang='lat' dir='ltr'>s.</span> <span class='ocrx_word' id='word_1_359' title='bbox 1845 4255 1909 4309; x_wconf 63' lang='lat' dir='ltr'>L:</span> <span class='ocrx_word' id='word_1_360' title='bbox 1965 4256 2056 4324; x_wconf 89' lang='lat' dir='ltr'>qui</span> <span class='ocrx_word' id='word_1_361' title='bbox 2092 4255 2190 4310; x_wconf 82' lang='lat' dir='ltr'>sed</span> <span class='ocrx_word' id='word_1_362' title='bbox 2215 4261 2407 4323; x_wconf 78' lang='lat' dir='ltr'>punct.</span> <span class='ocrx_word' id='word_1_363' title='bbox 2444 4257 2499 4309; x_wconf 92' lang='lat' dir='ltr'><strong><em>A</em></strong></span> 
     </span>
    </p>
   </div>
  </div>
 </body>
</html>
