3380 4919
1123 286 1198 339 de
1234 285 1507 354 gubern.
1544 285 1652 339 dei
1700 285 1791 340 111
1827 289 1858 350 ξ
1892 284 2115 341 34-40,
2662 284 2750 351 55

490 475 776 559 petulcos
836 473 1291 556 impudicorum
1346 475 1671 560 hominum
1737 473 2008 538 intuitus
2063 489 2218 537 noxa
2275 471 2571 538 adulterii
2624 489 2748 537 non

493 597 719 662 carere,
770 577 1010 642 scilicet
1056 580 1130 642 ut
1175 576 1283 660 qui
1328 578 1490 643 bona
1516 575 1638 643 fide
1686 576 1933 660 fugeret
1984 575 2365 641 adulterium
2411 575 2747 640 custodiret

491 686 832 766 aspectum.
879 681 1191 764 perfectae
1223 681 1533 764 siquidem
1562 699 1636 746 ac
1666 680 2112 745 sincerissimae
2143 676 2500 744 sanctitatis
2531 677 2746 745 uolens

493 784 760 851 cultores
819 802 961 849 suos
1023 785 1225 850 facere
1286 786 1562 850 saluator
1616 784 1806 849 iussit
1853 783 1930 849 ab
1988 782 2089 848 his
2144 781 2507 847 cautissime
2552 781 2746 846 etiam

444 889 753 955 sminima
808 888 1027 967 uitari,
1098 887 1336 953 scilicet
1391 890 1465 953 ut
1519 905 1707 972 quam
1768 905 1925 969 pura
1969 887 2068 951 est
2108 884 2349 969 pupilla
2404 884 2567 949 oculi
2607 888 2743 949 tam

488 1008 646 1072 pura
701 991 863 1055 esset
918 991 1054 1055 uita
1114 990 1385 1056 hominis
1443 989 1782 1056 Christiani
1850 992 1943 1069 et,
2008 989 2171 1054 sicut
2236 988 2411 1054 salua
2475 986 2743 1052 intuitus

490 1092 927 1179 incolumitate
969 1095 1250 1175 pulueris
1294 1096 1499 1159 labem
1543 1094 1609 1158 in
1641 1112 1706 1158 se
1737 1094 1951 1160 oculus
1987 1110 2109 1158 non
2139 1091 2455 1176 reciperet,
2488 1091 2581 1155 sic
2609 1090 2745 1155 uita

491 1201 706 1263 nostra
748 1197 959 1262 labem
1020 1198 1086 1261 in
1141 1216 1206 1261 se
1264 1196 1518 1278 penitus
1573 1197 2001 1279 impudicitiae
2045 1214 2168 1261 non
2212 1195 2491 1259 haberet.
2580 1190 2848 1259 111111039

488 1302 585 1365 est
633 1300 793 1365 illud
841 1301 1068 1381 etiam,
1125 1300 1289 1382 quod
1334 1303 1398 1365 in
1441 1301 1844 1384 sequentibus
1892 1301 1984 1365 ait
2027 1299 2346 1364 dominus:
2406 1299 2473 1364 si
2518 1315 2743 1363 scan-

413 1403 781 1471 1odalizat
823 1404 899 1468 te
947 1403 1225 1469 oculus
1270 1404 1489 1483 tuus,
1537 1422 1715 1468 erue
1760 1422 1953 1480 eum,
2001 1404 2077 1468 et
2128 1403 2198 1466 si
2239 1401 2745 1467 scandalizat

484 1509 561 1571 te
605 1525 877 1573 manus
933 1510 1098 1585 tua,
1157 1507 1480 1571 abscide
1539 1524 1733 1573 eam:
1779 1506 2095 1588 expedit
2137 1505 2295 1570 tibi
2346 1506 2434 1569 ut
2475 1505 2744 1588 pereat
2810 1522 2813 1528 ¹

483 1628 720 1674 unum
751 1610 1271 1675 membrorum
1302 1612 1640 1689 tuorum,
1675 1627 1899 1692 quam
1930 1610 2184 1674 totum
2215 1627 2494 1690 corpus
2524 1610 2741 1672 tuum

482 1711 863 1777 mittatur
919 1715 996 1777 in
1053 1713 1505 1797 gehennam.
1596 1716 1647 1779 si
1714 1714 1911 1796 igitur
1969 1714 2145 1778 iuxta
2201 1713 2300 1776 dei
2357 1711 2617 1776 uerbum
2673 1712 2742 1793 111

487 1816 834 1900 gehennam
892 1815 1201 1881 scandalis
1260 1815 1571 1880 trahimur
1589 1865 1606 1898 ,
1668 1815 1837 1879 recte
1896 1816 2199 1897 profecto,
2269 1816 2341 1879 ut
2397 1814 2741 1898 gehennam

415 1945 465 1985 15
485 1920 688 1983 uitare
720 1917 1051 1999 possimuS‚
1087 1918 1285 1983 etiam
1313 1917 1601 1983 manibus
1624 1920 1855 1982 nostris
1886 1936 1993 1983 nos
2025 1918 2339 2000 oculisque
2372 1917 2739 1992 multamus,

484 2039 608 2086 non
655 2024 817 2103 quod
861 2021 1158 2085 membris
1203 2022 1333 2086 suis
1380 2023 1519 2104 quis
1562 2022 1810 2104 priuare
1855 2041 1918 2087 se
1961 2023 2203 2102 debeat,
2249 2021 2374 2098 sed,
2422 2020 2565 2103 quia
2609 2020 2742 2084 tam

487 2124 869 2191 necessariae
901 2123 1081 2188 nobis
1112 2125 1261 2189 sunt
1307 2126 1609 2207 quaedam
1647 2124 2131 2190 domesticorum
2163 2123 2603 2207 obsequiorum
2635 2143 2739 2187 ne-

487 2228 916 2307 cessitudines,
964 2230 1036 2291 ut
1071 2227 1169 2292 his
1203 2228 1380 2309 quasi
1411 2228 1607 2293 oculis
1635 2228 1953 2294 interdum
1983 2233 2094 2295 aut
2134 2229 2423 2293 manibus
2465 2228 2738 2312 utamur,
2831 2248 2840 2251 ‘

482 2330 651 2394 recte
696 2331 877 2395 nobis
919 2331 1347 2414 praesentium
1392 2331 1886 2396 ministeriorum
1931 2332 2132 2397 officia
2162 2329 2606 2407 subtrahimus,
2660 2348 2739 2394 ne

412 2463 464 2505 20
490 2434 732 2499 aeterni
796 2433 965 2516 ignis
1032 2433 1347 2498 tormenta
1412 2434 1764 2516 patiamur:
1839 2435 1946 2499 ubi
2011 2434 2180 2498 enim
2247 2433 2319 2498 de
2387 2433 2738 2498 ministerio

483 2534 695 2619 agitur
757 2538 821 2601 et
878 2538 1012 2601 uita
1027 2588 1046 2622 ,
1104 2536 1338 2601 rectius
1383 2537 1661 2619 profecto
1708 2537 2061 2603 Christiano
2109 2541 2201 2602 est
2244 2537 2587 2603 ministerio
2633 2555 2735 2601 ca-

479 2659 615 2704 rere
662 2659 849 2723 quam
893 2641 1050 2707 uita.

566 2759 677 2824 IX.
725 2760 947 2843 Itaque
993 2779 1136 2826 cum
1181 2760 1246 2826 in
1294 2761 1581 2825 omnibus
1630 2761 1727 2825 his
1773 2780 1927 2844 quae
1982 2759 2250 2825 diximus
2296 2760 2579 2827 oboedire
2623 2754 2842 2825 nos40

478 2862 601 2927 sibi
645 2863 935 2929 dominus
990 2870 1199 2932 noster
1256 2867 1510 2932 iusserit
1528 2916 1544 2945 ‚
1598 2868 1708 2932 ubi
1776 2869 1923 2931 sunt
1977 2867 2085 2949 qui
2138 2868 2247 2931 aut
2301 2865 2370 2929 in
2426 2865 2734 2930 uniuersis

406 2981 458 3021 2⁵
476 2967 794 3032 mandatis
839 2968 952 3034 deo
998 2972 1109 3033 aut
1157 2974 1323 3035 certe
1367 2971 1471 3035 uel
1515 2970 1584 3034 in
1635 2969 2030 3054 paucissimis
2089 2969 2551 3052 obsequantur?
2624 2968 2732 3033 ubi

476 3073 627 3134 sunt
670 3070 778 3152 qui
822 3074 931 3135 aut
975 3070 1265 3137 inimicos
1311 3073 1580 3157 diligant
1623 3078 1734 3139 aut
1785 3072 2303 3156 persequentibus
2336 3071 2735 3138 benefaciant

478 3173 590 3237 aut
623 3173 826 3238 malos
858 3173 925 3238 in
969 3176 1126 3240 bono
1156 3176 1435 3254 uincant,
1484 3178 1589 3259 qui
1621 3176 1911 3241 maxillas
1941 3178 2340 3242 caedentibus
2368 3175 2727 3257 praebeant,

476 3274 584 3356 qui
629 3276 1041 3357 spoliantibus
1084 3298 1183 3343 res
1231 3297 1375 3344 suas
1420 3277 1554 3344 sine
1598 3277 1712 3345 lite
1760 3282 2148 3346 concedant?
2204 3280 2341 3363 quis
2387 3282 2512 3358 est,
2563 3278 2725 3361 apud

474 3396 661 3461 quem
693 3378 1066 3445 detractioni
1096 3381 1344 3464 penitus
1376 3382 1537 3447 nihil
1578 3383 1785 3462 liceat,
1832 3383 1940 3465 qui
1971 3383 2247 3449 conuicio
2276 3402 2385 3449 suo
2415 3386 2725 3449 neminem

678 3550 711 3602 9
746 3548 908 3603 Marc.
943 3552 993 3615 9,
1028 3550 1098 3603 46
1169 3551 1367 3608 Matth.
1403 3551 1486 3618 29,
1523 3552 1592 3606 30

573 3702 606 3755 2
641 3704 859 3772 fugeret
892 3722 958 3759 eae
993 3706 1199 3775 fugitet
1232 3709 1288 3761 A
1324 3724 1464 3762 corr.
1501 3725 1567 3762 m.
1593 3712 1630 3763 2
1841 3710 1875 3763 3
1910 3710 2144 3777 perfecte
2180 3714 2231 3763 et
2257 3709 2431 3778 paulo
2458 3714 2587 3778 post
2620 3709 2727 3762 sin-

470 3789 742 3843 cerissime
791 3793 846 3845 A
1052 3794 1086 3847 6
1131 3793 1413 3847 christiani
1460 3794 1690 3847 hominis
1739 3794 1855 3848 uita
1899 3795 1956 3849 Β
2164 3796 2194 3849 ’7
2242 3795 2610 3849 incolumitate
2659 3812 2730 3849 ex

468 3874 838 3929 incolomitate
874 3878 928 3929 A
964 3892 1103 3933 corr.
1139 3894 1205 3932 m.
1234 3881 1288 3944 2,
1325 3880 1457 3933 item
1491 3879 1677 3933 oculus
1716 3896 1784 3933 ex
1819 3881 1998 3935 oculos
2193 3881 2260 3935 14
2296 3881 2595 3950 gehennam
2632 3883 2727 3936 sed

468 3975 525 4012 m
559 3961 701 4013 male
727 3969 926 4029 punct.
963 3966 1018 4018 A
1226 3965 1292 4018 15
1326 3982 1424 4018 nos
1461 3981 1559 4019 om.
1597 3966 1652 4018 Β
1855 3967 1920 4020 16
1957 3966 2161 4035 priuari
2196 3967 2252 4021 A
2449 3968 2514 4022 17
2550 3984 2726 4022 neces·

467 4046 611 4099 saria
643 4049 697 4099 A
869 4050 936 4102 18
961 4053 1059 4104 aut
1084 4050 1238 4118 quasi
1260 4052 1509 4104 manibus
1535 4052 1588 4104 Β
1769 4051 1839 4107 20
1874 4054 2142 4122 patiamus
2178 4054 2233 4106 Β
2415 4056 2483 4109 29
2519 4055 2727 4109 detrac-

464 4131 604 4184 tioni
651 4132 1050 4188 Rittershusius
1093 4136 1156 4188 in
1197 4138 1446 4206 ωηατ-91110
1492 4141 1676 4205 (quam
1724 4138 2155 4193 emendationem
2200 4141 2550 4195 certissimam
2583 4141 2725 4207 facit

465 4217 611 4285 quod
671 4218 975 4274 Saluianus
1031 4222 1149 4289 ipse
1201 4238 1242 4276 c.
1293 4226 1331 4275 8
1379 4223 1598 4277 scribit:
1653 4239 1942 4293 numquam
1997 4224 2324 4281 detractione
2371 4231 2690 4291 saturamur)
2708 4246 2725 4279 ε
