3380 4919
1105 360 1185 416 ad
1221 362 1578 417 ecclesiam
1626 361 1718 416 111
1756 366 1785 428 5
1823 362 2043 417 67-72.
2576 365 2705 432 293

529 548 700 613 XVI.
765 548 885 616 Sed
946 548 1211 616 fortasse
1270 550 1422 616 haec
1478 550 1618 630 tibi,
1682 551 2053 634 quicumque
2115 568 2177 615 es
2237 549 2527 630 infideliS,
2591 553 2701 615 aut
2724 550 2809 617 70

437 671 664 736 parum
732 652 944 720 ualida
1001 656 1110 718 aut
1174 672 1396 736 parum
1455 656 1672 737 aperta
1732 672 1861 718 esse
1920 652 2269 719 uideantur.
2347 653 2496 735 quid
2540 653 2703 735 quod

443 755 736 822 dominus
783 755 917 840 ipse
962 755 1027 821 in
1071 758 1396 839 euangelio
1442 756 1601 822 nihil
1647 774 2024 841 quemquam
2070 757 2145 821 de
2191 754 2476 839 operibus
2523 755 2703 820 bonis

442 862 704 943 perdere
749 857 1180 925 Christianum
1235 857 1750 925 manifestissime
1810 859 1997 924 docet
2055 858 2301 924 dicens:
2362 857 2706 940 quicum-

395 979 587 1045 sque
654 964 923 1045 potum
994 963 1311 1028 dederit
1376 966 1509 1027 uni
1562 982 1646 1027 ex
1704 961 2060 1028 minimis
2120 960 2312 1027 istis
2372 961 2706 1026 calicem

446 1081 697 1146 aquae
745 1064 1130 1149 frigidae,
1176 1069 1487 1131 tantum
1532 1066 1616 1131 in
1660 1066 1973 1132 nomine
2019 1064 2439 1148 discipuli,
2487 1081 2707 1128 amen

446 1167 627 1234 dico
698 1170 954 1245 uobis,
1021 1186 1166 1235 non
1225 1171 1501 1252 perdet
1562 1171 2005 1236 mercedem
2065 1187 2305 1234 suam.
2387 1168 2536 1249 quid
2580 1166 2706 1231 dici

447 1272 800 1339 euidentius
844 1273 1098 1354 potuit?
1158 1272 1350 1338 etiam
1395 1291 1533 1338 eam
1578 1292 1710 1338 rem
1754 1272 1819 1338 in
1864 1273 2075 1338 futuro
2120 1272 2484 1338 habituram
2526 1291 2709 1356 prae-

442 1377 645 1441 mium
693 1393 825 1440 esse
871 1376 1044 1454 dixit,
1093 1395 1250 1458 quae
1294 1378 1357 1442 in
1403 1378 1713 1459 praesenti
1757 1376 2032 1459 pretium
2064 1394 2187 1442 non
2232 1376 2518 1443 haberet:
2566 1379 2704 1441 tan-

373 1501 428 1541 ιο
445 1480 584 1544 tum
633 1479 883 1544 honoris
930 1480 1131 1545 cultui
1162 1498 1273 1545 suo
1318 1480 1570 1560 tribuit,
1616 1483 1686 1546 ut
1717 1481 1957 1564 aliquid
1997 1479 2162 1546 esset
2190 1480 2330 1545 illic
2359 1498 2468 1562 per
2498 1479 2706 1561 fidem,

446 1582 611 1666 quod
657 1582 763 1646 hic
808 1584 1062 1675 omnino
1122 1583 1279 1648 nihil
1329 1587 1494 1649 esset
1537 1602 1647 1666 per
1700 1584 2038 1650 uilitatem.
2111 1585 2216 1649 sed
2260 1584 2473 1649 tamen
2516 1601 2593 1648 ne
2637 1581 2706 1646 in
2727 1582 2808 1647 ’11

445 1684 564 1749 hoc
633 1685 754 1752 sibi
822 1686 1079 1768 quidam
1143 1687 1405 1752 forsitan
1473 1686 1939 1767 blandirentur,
2012 1688 2067 1753 si
2132 1686 2334 1752 multa
2402 1683 2704 1751 habentes

447 1787 689 1872 exiguis
754 1791 1007 1871 possent
1062 1808 1293 1873 magna
1359 1792 1646 1870 mercari,
1718 1790 2035 1856 subtiliter
2093 1790 2305 1874 posuit
2355 1789 2551 1855 etiam
2596 1806 2705 1871 pro

447 1892 641 1956 calice
688 1910 882 1975 aquae
940 1892 1206 1973 frigidae
1252 1911 1375 1958 non
1421 1893 1765 1975 perituram
1811 1912 1943 1960 esse
1989 1894 2361 1974 mercedem,
2415 1893 2532 1957 hoc
2580 1891 2708 1957 uti-

377 2014 429 2056 ιε
449 2013 568 2077 que
612 1996 935 2060 euidenter
990 1996 1314 2062 ostendens
1368 2013 1492 2061 non
1549 2014 1658 2079 pro
1703 2013 1895 2080 paruo
1941 1995 2178 2080 aliquid
2219 2014 2526 2079 magnum
2571 2012 2707 2060 esse

447 2098 850 2181 reddendum,
903 2099 1007 2163 sed
1052 2100 1263 2163 tamen
1308 2098 1757 2181 qualecumque
1804 2099 1949 2164 fidei
1994 2117 2150 2180 opus
2195 2117 2319 2163 non
2363 2116 2497 2162 esse
2543 2098 2708 2179 peri-

448 2203 684 2266 turum.
745 2201 939 2267 habes
969 2202 1179 2284 itaque
1209 2201 1694 2267 indubitabilem
1725 2203 1977 2267 futurae
2007 2201 2436 2267 retributionis
2469 2199 2706 2266 securi·
2729 2196 2813 2264 72

447 2305 649 2369 tatem
714 2304 903 2370 habes
967 2303 1462 2386 recipiendorum
1522 2304 1826 2370 bonorum
1886 2322 2141 2386 operum
2201 2303 2353 2369 satis
2414 2302 2708 2368 idoneum

445 2408 704 2474 uadem:
751 2410 856 2491 qui
903 2408 1151 2492 quidem
1196 2411 1411 2474 tantae
1455 2426 1575 2473 non
1621 2407 1825 2473 solum
1881 2407 2017 2473 fidei
2063 2410 2170 2472 sed
2218 2408 2411 2473 etiam
2458 2405 2706 2471 miseri-

372 2532 431 2572 20
451 2511 697 2577 cordiae
744 2518 928 2595 atque
973 2512 1231 2595 pietatis
1278 2515 1388 2587 est,
1435 2512 1511 2576 ut
1553 2530 1676 2577 non
1723 2511 1927 2577 soluat
1975 2513 2222 2576 tantum
2267 2512 2429 2592 quod
2472 2508 2707 2593 promi-

440 2614 600 2679 serit
645 2616 824 2697 quasi
870 2615 1170 2693 debitum,
1231 2616 1338 2681 sed
1385 2615 1574 2680 etiam
1622 2614 1911 2680 ostendat
1955 2613 2192 2695 aliquid
2237 2631 2358 2695 quo
2404 2631 2471 2676 se
2517 2610 2706 2677 faciat

445 2716 816 2783 debitorem.
890 2737 1041 2784 nam
1095 2718 1202 2801 qui
1246 2737 1355 2800 pro
1401 2718 1596 2783 calice
1639 2735 1837 2801 aquae
1883 2716 2151 2800 frigidae
2194 2715 2587 2782 redditurum
2636 2734 2702 2780 se

449 2818 606 2885 dixit
661 2838 794 2886 esse
849 2822 1201 2887 mercedem
1259 2838 1379 2885 non
1437 2820 1640 2885 solum
1699 2819 1837 2885 uult
1892 2819 2129 2885 soluere
2176 2835 2334 2903 quae
2377 2817 2703 2901 acceperit,

447 2925 555 2988 sed
621 2922 811 2988 etiam
878 2924 1264 2990 demonstrat
1329 2925 1535 3005 aliqua
1600 2940 1760 3007 quae
1825 2923 2047 2989 soluat.
2119 2923 2262 3006 pius
2332 2920 2574 2987 scilicet
2633 2937 2706 2986 ac

373 3025 883 3091 ”misericordia
955 3026 1174 3109 plenus
1243 3031 1306 3091 et
1374 3026 1693 3092 consulere
1765 3027 1983 3092 uolens
2051 3044 2176 3091 non
2247 3026 2452 3091 solum
2519 3023 2708 3090 diuiti

450 3128 734 3212 largitati
791 3129 899 3193 sed
958 3128 1148 3194 etiam
1195 3130 1605 3211 pauperculae
1650 3127 2035 3194 officiositati
2081 3129 2371 3207 ostendit,
2432 3146 2553 3212 quo
2599 3119 2708 3194 ob-

451 3231 707 3302 noxium
750 3230 872 3296 sibi
916 3231 982 3296 in
1030 3230 1239 3313 aliquo
1285 3232 1472 3296 deum
1517 3231 1748 3297 faceret
1794 3232 1986 3298 etiam
2017 3231 2124 3315 qui
2154 3230 2318 3313 quod
2354 3229 2706 3297 faeneraret

451 3332 705 3414 penitus
748 3350 873 3398 non
918 3332 1194 3398 haberet.

655 3553 693 3607 4
727 3552 929 3608 Matth.
967 3552 1048 3620 10,
1075 3552 1154 3609 ’42

560 3760 587 3811 1
627 3759 946 3827 quicumque
982 3774 1050 3814 σω
1084 3773 1233 3829 queo.
1269 3773 1412 3814 corr.
1447 3775 1520 3815 m.
1545 3760 1585 3813 2
1620 3759 1676 3813 A
1865 3760 1898 3813 9
1935 3759 2201 3827 praetium
2236 3758 2292 3813 A
2473 3759 2712 3813 tantum·

450 3858 555 3913 que
591 3846 739 3909 (cum
774 3843 824 3909 b)
865 3844 948 3899 ed.
986 3844 1263 3899 Baluzius
1469 3843 1537 3898 10
1583 3842 1792 3913 aliquid
1838 3860 1910 3899 ex
1953 3843 2151 3913 aliquit
2195 3858 2333 3899 corr.
2370 3860 2440 3899 m.
2475 3845 2517 3898 2
2549 3844 2606 3899 A
2649 3850 2714 3901 ut

446 3935 502 3994 3.
540 3933 609 3984 71
644 3935 698 3986 et
733 3933 805 3986 72
1013 3930 1078 3985 11
1124 3930 1183 3985 in
1231 3946 1333 3987 om.
1363 3930 1650 3986 ‘Baluzius
1858 3930 1928 4002 12ι
1965 3930 2160 3985 forsita
2206 3931 2261 3984 A
2308 3935 2371 3985 ut
2414 3936 2463 3995 §-
2504 3933 2577 3986 73

455 4014 521 4069 13
544 4017 760 4083 possent
783 4015 842 4070 bx
877 4015 1086 4085 possint
1107 4015 1490 4072 ABHalmius
1563 4079 1570 4086 ‚
1653 4017 1717 4072 17
1742 4015 1905 4071 habes
1931 4031 1998 4072 0ae
2020 4016 2179 4071 hahis
2204 4029 2345 4072 corr.
2370 4031 2441 4073 m.
2459 4019 2501 4071 2
2522 4017 2577 4073 A

450 4099 521 4156 25
553 4100 922 4157 misericordia
956 4103 1166 4173 plenus]
1212 4104 1360 4159 hum
1402 4103 1579 4160 locum
1613 4102 1820 4158 addere
1855 4099 2019 4158 debui
2050 4102 2183 4159 locis
2220 4101 2522 4163 Sita-Ber.
2550 4117 2609 4175 p.
2646 4106 2713 4159 11

446 4190 715 4259 conqestis
726 4209 747 4257 ,·
788 4188 895 4255 cfr.
932 4188 1064 4245 adn.
1099 4191 1220 4247 cm’t.
1258 4186 1349 4246 ad.
1387 4190 1520 4246 libri
1554 4190 1620 4247 de
1652 4191 1775 4261 ymb.
1808 4192 1982 4260 primi
2013 4196 2061 4255 §-
2088 4193 2161 4246 58
2295 4192 2297 4195 ’
2358 4190 2432 4247 26
2469 4191 2610 4261 quod
2647 4207 2717 4248 ιω

450 4289 559 4343 quo
596 4289 733 4329 corr.
768 4291 837 4329 m.
872 4277 914 4329 2
948 4275 1004 4329 B
1604 4273 1613 4284 ‘
