3380 4919
1049 343 1123 397 de
1159 342 1432 412 gubern.
1469 342 1575 396 dei
1622 340 1731 395 VII
1768 346 1798 405 ξ
1833 341 2052 396 81-86.
2553 343 2679 408 183

424 553 608 619 quam
653 534 953 600 mulieres
999 536 1260 615 gradum
1305 530 1680 614 frangerent,
1742 548 1885 595 cum
1929 529 2163 596 indicia
2203 526 2324 594 sibi
2372 531 2674 612 quaedam

424 641 849 704 monstruosae
915 633 1299 719 impuritatis
1381 635 1772 699 innecterent
1839 635 1903 698 et
1971 633 2260 698 femineis
2327 632 2678 716 tegminum

422 740 850 824 inligamentis
919 739 1127 821 capita
1192 737 1506 823 uelarent,
1573 737 1762 821 atque
1818 736 1935 803 hoc
1990 736 2240 819 publice
2295 736 2359 801 in
2420 734 2680 801 ciuitate

425 843 722 925 Romana,
781 842 935 906 urbe
990 841 1123 907 illic
1180 858 1423 905 summa
1480 844 1542 905 et
1599 839 2018 916 celeberrima,
2078 841 2225 922 quid
2269 838 2443 904 aliud
2489 857 2676 921 quam

386 944 683 1011 aRomani
742 945 989 1027 imperii
1050 943 1312 1009 dedecus
1372 943 1523 1020 erat,
1587 943 1662 1007 ut
1705 940 1771 1007 in
1815 942 2018 1007 medio
2064 942 2155 1007 rei
2201 941 2485 1025 publicae
2531 943 2675 1007 sinu

428 1049 1013 1113 execrandissimum
1057 1047 1231 1111 nefas
1275 1047 1487 1128 palam
1535 1044 1755 1111 liceret
1799 1045 2098 1111 admitti?
2143 1049 2419 1128 potestas
2449 1045 2674 1129 quippe

427 1169 654 1234 magna
698 1154 760 1215 et
803 1149 1257 1234 potentissima,
1305 1137 1463 1232 quae
1505 1148 1788 1214 inhibere
1833 1149 2033 1214 scelus
2081 1148 2422 1215 maximum
2452 1150 2673 1231 potest,

427 1256 600 1336 quasi
647 1253 868 1336 probat
914 1254 1135 1319 debere
1180 1253 1336 1337 fieri,
1385 1252 1437 1317 si
1483 1253 1680 1317 sciens
1710 1255 1950 1335 patitur
1978 1254 2358 1337 perpetrari;
2403 1251 2466 1316 in
2502 1251 2676 1315 cuius

427 1357 593 1420 enim
657 1375 847 1422 manu
915 1357 1011 1421 est
1064 1359 1137 1422 ut
1198 1356 1523 1438 prohibeat
1587 1355 1765 1421 iubet
1830 1375 2037 1441 agere,
2106 1355 2160 1420 si
2216 1374 2335 1420 non
2391 1354 2681 1436 prohibet

364 1485 409 1523 10
427 1459 696 1524 admitti.

509 1580 646 1645 XX.
725 1580 994 1660 Iterum,
1071 1582 1217 1664 quia
1283 1579 1455 1646 dolor
1523 1579 1751 1665 exigit,
1829 1579 1908 1644 ab
1975 1580 2073 1645 his
2147 1579 2253 1662 qui
2324 1581 2679 1643 irascuntur
2700 1581 2794 1647 84

429 1685 705 1767 requiro,
759 1685 825 1748 in
870 1684 1096 1767 quibus
1143 1684 1294 1749 haec
1338 1683 1621 1748 barbaris
1664 1684 1958 1767 gentibus
2004 1684 2113 1750 aut
2156 1685 2324 1749 facta
2367 1682 2498 1746 sint
2538 1698 2678 1745 um-

430 1807 613 1871 quam
659 1789 769 1852 aut
814 1786 947 1851 fieri
992 1787 1246 1871 publica
1291 1788 1665 1869 impunitate
1709 1786 2009 1852 licuerit?
2075 1786 2360 1868 denique,
2420 1804 2495 1849 ne
2543 1784 2682 1848 lon-

427 1892 565 1974 gius
612 1892 688 1955 de
731 1892 846 1957 hac
890 1911 956 1955 re
1004 1891 1241 1974 ambigi
1285 1891 1394 1955 aut
1438 1890 1809 1972 inuestigari
1864 1909 2115 1956 necesse
2161 1890 2263 1967 sit,
2322 1889 2490 1971 ipsos
2536 1887 2680 1952 illos

367 2021 410 2059 15
429 1992 681 2058 Africae
746 1996 1090 2058 uastatores
1156 1993 1449 2057 Afrorum
1516 1993 1758 2076 populis
1827 2011 2273 2075 comparemus.
2356 1992 2681 2057 uideamus

430 2096 574 2179 quid
621 2096 826 2162 simile
871 2114 909 2160 a
953 2094 1276 2162 Wandalis
1334 2096 1572 2160 factum
1622 2096 1726 2161 sit.
1796 2098 1859 2161 et
1904 2099 2069 2161 certe
2114 2095 2364 2162 barbari
2411 2095 2681 2159 elatione
2700 2096 2792 2163 85

429 2201 657 2265 tumidi
722 2199 989 2266 uictoria
1054 2199 1306 2281 superbi
1371 2199 1740 2265 diuitiarum
1795 2217 1868 2263 ac
1927 2199 2292 2263 deliciarum
2359 2196 2682 2263 affluentia

431 2304 740 2384 dissoluti,
790 2302 897 2385 qui
941 2302 1211 2386 profecto
1259 2303 1507 2366 etiamsi
1553 2301 2072 2366 continentissimi
2118 2304 2180 2364 et
2216 2300 2683 2382 castigatissimi

431 2424 668 2489 semper
729 2406 1011 2485 fuissent,
1071 2404 1303 2471 mutari
1359 2407 1570 2468 tamen
1628 2404 1811 2469 tanta
1866 2422 2076 2469 rerum
2122 2401 2681 2468 obsecundantium

369 2509 733 2575 zofelicitate
802 2509 1162 2591 potuerunt,
1230 2507 1494 2591 ingressi
1563 2506 1823 2585 scilicet,
1895 2507 1970 2570 ut
2023 2507 2091 2571 111
2148 2505 2382 2570 diuinis
2446 2504 2681 2570 litteris

433 2611 733 2694 scriptum
802 2614 915 2690 est,
986 2615 1220 2677 terram
1284 2613 1448 2676 lacte
1516 2629 1586 2675 ac
1644 2610 1834 2675 melle
1899 2612 2262 2675 manantem
2329 2607 2681 2685 fecundam,

434 2715 970 2798 opulentissimam
1043 2715 1325 2781 omnium
1393 2714 1760 2780 deliciarum
1816 2713 2007 2795 copiis
2067 2710 2245 2795 quasi
2298 2710 2566 2776 ebriam:
2614 2710 2682 2773 in

434 2836 552 2900 qua
598 2819 811 2902 utique
856 2819 1112 2884 minime
1155 2819 1387 2883 mirum
1431 2819 1636 2886 fuerat
1680 2817 1734 2881 si
1778 2815 2153 2881 luxuriasset
2194 2833 2344 2898 gens
2388 2813 2679 2896 barbara,

434 2921 541 2985 ubi
583 2921 806 2986 similis
852 2921 1305 3004 quodammodo
1349 2920 1686 2986 luxurianti
1734 2923 1868 2985 erat
1899 2917 2038 3002 ipsa
2067 2918 2311 2983 natura.
2367 2916 2680 3001 ingressos
2701 2918 2787 2984 86

372 3025 581 3089 ashaec
637 3027 772 3089 loca
815 3023 1151 3090 Wandalos
1209 3026 1346 3106 quis
1405 3042 1528 3089 non
1587 3024 1769 3104 putet
1827 3022 1997 3088 omni
2040 3039 2105 3085 se
2149 3020 2450 3085 uitiorum
2495 3022 2683 3103 atque

434 3128 867 3209 impuritatum
915 3145 1101 3192 caeno
1145 3125 1499 3193 inmersisse
1540 3127 1671 3202 aut,
1718 3128 1790 3190 ut
1836 3124 2151 3190 leuissimo
2197 3125 2423 3203 dicam,
2469 3123 2684 3189 saltim

435 3229 546 3294 illa
603 3229 843 3308 fecisse,
902 3248 1057 3311 quae
1110 3230 1187 3295 ab
1234 3229 1407 3295 Afris
1462 3228 1695 3311 iugiter
1752 3228 1922 3293 facta
1978 3227 2247 3304 fuerant,
2310 3227 2376 3291 in
2421 3244 2683 3309 quorum

435 3333 570 3398 iura
633 3332 1030 3416 migrarant?
1096 3335 1160 3397 et
1218 3333 1405 3409 certe,
1475 3330 1528 3396 si
1580 3349 1651 3396 ea
1706 3333 1972 3406 tantum,
2044 3329 2568 3395 continentissimi
2613 3346 2685 3392 ac

637 3554 701 3608 21
749 3553 910 3607 Exod.
951 3553 1015 3607 13

540 3760 566 3812 1
614 3774 772 3827 quam
809 3773 908 3813 om.
956 3758 1011 3812 Β
1215 3757 1499 3812 muliebres
1544 3757 1601 3811 Β
1805 3757 2063 3826 quaedam
2105 3756 2210 3810 sibi
2254 3756 2311 3812 Β
2515 3754 2548 3810 6
2594 3755 2686 3809 ad-

435 3844 599 3898 mitti.
659 3845 902 3898 Admitte
953 3844 1048 3898 sed
1098 3843 1341 3897 Admitte
1389 3849 1573 3912 punct.
1619 3843 1673 3897 A
1709 3859 1779 3898 m.
1819 3849 1849 3897 1
2050 3844 2085 3897 8
2136 3845 2441 3911 perpetrare
2494 3843 2545 3896 A

435 3929 468 3983 9
519 3930 612 3998 agi
664 3929 719 3983 Β
924 3930 970 3982 si
1013 3929 1065 3982 A
1113 3929 1240 3983 add.
1276 3945 1319 3984 s,
1355 3928 1388 3983 l.
1426 3944 1496 3982 m.
1536 3932 1576 3982 2
1785 3928 1849 3982 12
1902 3929 2013 3982 sint
2048 3944 2114 3982 ex
2150 3928 2229 3982 ed.
2263 3943 2355 3996 pr.
2392 3928 2687 3983 Halmius.-

436 4019 562 4068 sunt
596 4015 893 4082 AB(Ttv)
1093 4014 1158 4069 13
1193 4014 1447 4068 licuerint
1481 4014 1536 4067 B
1734 4014 1800 4068 14
1833 4013 2165 4083 inuestigare
2201 4014 2257 4066 A
2453 4013 2520 4067 17
2555 4012 2686 4067 deli-

437 4102 637 4155 ciarum
673 4116 734 4154 ac
769 4100 1086 4154 diuitiarum
1122 4099 1178 4155 Β
1352 4101 1417 4154 18
1453 4100 1888 4170 castiga*tissimi
1923 4101 1978 4155 A
2150 4100 2217 4154 19
2252 4102 2459 4155 mutare
2491 4100 2546 4153 A

434 4188 497 4241 21
538 4188 617 4257 ac]
654 4189 710 4241 et
745 4188 800 4242 Β
970 4187 1040 4241 22
1073 4186 1374 4242 dilitiarum
1410 4193 1473 4241 ut
1494 4188 1667 4255 paulo
1690 4192 1822 4241 ante
1854 4187 1908 4241 A
2082 4186 2148 4241 23
2184 4186 2455 4240 mimirum
2493 4186 2548 4240 Β

438 4273 1418 4330 28sieaexsicaAcorr.m.2
2329 4267 2332 4272 ’
