3380 4919
1102 324 1176 379 de
1210 324 1485 392 gubern.
1521 323 1627 377 dei
1672 324 1749 378 VI
1796 328 1827 388 ξ
1862 324 2082 378 58-66.
2599 325 2720 391 143

466 515 670 599 magis
727 515 1072 597 placandus
1119 515 1215 579 est
1258 515 1322 577 in
1369 512 1649 578 aduersis
1695 513 1845 578 deus
1891 514 1955 578 et
2003 512 2209 577 minus
2270 512 2605 578 laedendus
2649 514 2718 578 in

466 618 805 701 prosperis:
853 618 1086 701 placari
1118 616 1344 699 quippe
1375 614 1578 690 debet,
1624 634 1770 680 cum
1799 615 2113 693 irascitur,
2160 614 2328 680 laedi
2360 633 2483 681 non
2514 616 2716 694 debet,

467 739 608 786 cum
654 721 1066 805 propitiatur,
1113 720 1377 785 aduersa
1420 719 1585 783 enim
1629 717 1808 787 nobis
1852 737 1963 800 per
1991 718 2383 784 iracundiam
2412 717 2512 784 dei
2544 720 2715 783 ueni-

464 829 580 889 unt
623 824 897 889 secunda
937 842 1047 907 per
1091 821 1383 906 gratiam.
1446 838 1558 885 nos
1603 822 1818 886 autem
1849 840 1883 884 e
1914 819 2157 885 diuerso
2204 819 2413 885 omnia
2448 820 2713 905 agimus.
2735 821 2820 886 63

417 948 445 988 o
466 927 642 1003 dicis,
704 926 1055 1008 quomodo?
1116 923 1344 1006 accipe.
1422 942 1493 988 ac
1536 925 1831 1006 primum,
1888 923 1942 987 si
1989 922 2231 1004 quando
2277 928 2559 989 exoratus
2604 942 2719 989 sua

464 1030 601 1112 ipsa
643 1028 1064 1094 misericordia
1107 1026 1260 1092 deus
1303 1028 1526 1108 (neque
1573 1027 1742 1091 enim
1787 1044 2087 1107 umquam
2133 1044 2244 1092 nos
2286 1025 2379 1091 ita
2422 1028 2714 1104 uiuimus,

464 1133 540 1195 ut
585 1149 831 1197 exorare
874 1132 1272 1213 mereamur),
1319 1130 1430 1194 sed
1476 1128 1531 1193 si
1577 1132 1839 1212 quando,
1893 1130 1965 1193 ut
2011 1128 2158 1207 dixi,
2205 1148 2243 1194 a
2285 1146 2350 1193 se
2394 1128 2528 1211 ipso
2574 1148 2716 1194 exo·

465 1235 641 1299 ratus
706 1234 998 1316 pacificos
1066 1233 1247 1298 nobis
1309 1232 1439 1296 dies
1494 1235 1837 1313 prouentus
1902 1231 2147 1311 uberes,
2216 1232 2480 1298 diuitem
2543 1234 2716 1299 bonis

466 1337 751 1402 omnibus
810 1337 1337 1419 tranquillitatem
1395 1340 1462 1402 et
1516 1337 1970 1403 abundantiam
2029 1338 2270 1404 dederit
2329 1355 2514 1419 super
2570 1344 2717 1403 uota

397 1461 448 1502 10
464 1441 860 1519 crescentem,
906 1443 1086 1505 tanta
1115 1441 1526 1505 secundarum
1546 1450 1768 1505 ‘rerum
1798 1443 2211 1525 prosperitate
2240 1439 2713 1522 corrumpimur,

464 1543 642 1607 tanta
705 1558 946 1606 morum
1017 1542 1528 1608 insolescentium
1596 1545 1912 1624 prauitate
1979 1543 2300 1625 uitiamur,
2368 1545 2440 1608 ut
2494 1546 2558 1609 et
2617 1544 2716 1608 dei

463 1646 712 1727 penitus
757 1645 1201 1711 obliuiscamur
1245 1649 1309 1711 et
1355 1647 1573 1713 nostri.
1633 1649 1697 1712 et
1742 1666 1883 1712 cum
1914 1665 2165 1713 omnem
2211 1646 2483 1711 fructum
2532 1646 2715 1711 datae
2731 1646 2819 1710 64

467 1765 505 1812 a
548 1749 659 1812 deo
717 1748 886 1830 pacis
930 1749 1000 1813 in
1045 1749 1157 1814 hoc
1219 1748 1553 1815 consistere
1612 1751 1930 1830 apostolus
1977 1750 2167 1827 dicat,
2237 1751 2325 1814 ut
2369 1748 2716 1832 quietam

464 1852 539 1916 et
603 1852 1120 1933 tranquillam
1193 1853 1438 1917 uitam
1501 1871 1820 1935 agamus
1876 1852 1953 1916 in
2012 1853 2217 1918 omni
2288 1853 2593 1935 pietate
2640 1856 2714 1916 et

399 1981 447 2021 ιδ
464 1957 877 2039 castitate,
937 1960 1012 2022 ad
1057 1958 1174 2023 hoc
1220 1958 1468 2021 tantum
1518 1958 1667 2020 data
1713 1976 1749 2021 a
1793 1958 1906 2023 deo
1962 1958 2169 2038 quiete
2213 1957 2474 2039 utimur,
2532 1958 2603 2020 ut
2646 1956 2715 2020 in

466 2059 766 2125 ebrietate
825 2061 897 2125 ut
953 2062 1018 2124 in
1076 2060 1342 2136 luxuria,
1414 2064 1484 2125 ut
1542 2062 1606 2123 in
1664 2060 1919 2142 flagitiis
1964 2061 2037 2125 ut
2081 2061 2147 2124 in
2204 2060 2461 2143 rapinis,
2533 2061 2716 2123 utin

465 2164 634 2229 omni
662 2163 891 2229 scelere
923 2167 1109 2246 atque
1142 2163 1545 2246 improbitate
1581 2163 1893 2228 uiuamus.
1955 2163 2134 2245 quasi
2165 2181 2309 2230 uero
2342 2161 2714 2227 beneficium

465 2268 641 2331 datae
697 2268 868 2350 pacis
927 2268 1168 2331 uacatio
1215 2267 1301 2329 sit
1343 2266 1775 2347 probrositatis
1823 2267 1888 2330 et
1932 2268 2007 2331 ad
2054 2267 2171 2331 hoc
2213 2265 2494 2331 inducias
2539 2271 2713 2331 tran-

465 2369 801 2451 quillitatis
873 2370 986 2434 deo
1060 2371 1326 2434 donante
1397 2368 1723 2449 capiamus
1744 2417 1759 2445 ,
1827 2370 1900 2434 ut
1963 2369 2253 2433 licentius
2322 2367 2715 2450 securiusque

397 2492 801 2555 sopeccemus.
877 2474 1121 2557 indigni
1176 2473 1391 2555 itaque
1448 2472 1821 2538 caelestibus
1880 2473 2059 2539 donis
2115 2490 2330 2537 sumus
2379 2474 2486 2553 qui
2528 2472 2714 2538 bene·
2731 2473 2816 2552 65

466 2576 620 2641 ficiis
680 2577 781 2640 dei
837 2595 960 2642 non
1017 2578 1173 2641 bene
1228 2578 1471 2641 utimur
1516 2580 1577 2640 et
1622 2576 1884 2641 facimus
1929 2595 2060 2640 rem
2109 2594 2365 2657 operum
2410 2577 2711 2642 bonorum

463 2681 789 2744 materiam
846 2681 1093 2745 tantum
1150 2699 1282 2745 esse
1343 2678 1673 2744 uitiorum:
1741 2696 1858 2760 quo
1914 2678 1989 2742 fit
2045 2681 2116 2743 ut
2158 2679 2295 2760 ipsa
2337 2698 2455 2762 pax
2500 2684 2716 2746 contra

464 2800 574 2848 nos
631 2783 734 2861 sit,
795 2801 949 2865 quae
1011 2784 1101 2847 sic
1153 2782 1362 2864 agitur
1404 2801 1441 2846 a
1485 2781 1677 2861 nobis,
1741 2800 1850 2846 nec
1912 2781 2195 2864 expediat
2239 2801 2373 2846 rem
2417 2784 2715 2865 accipere,

467 2904 586 2967 qua
652 2886 989 2951 deteriores
1063 2903 1299 2950 sumus.
1387 2885 1526 2967 quis
1592 2886 1714 2950 hoc
1778 2886 2022 2950 credere
2090 2887 2321 2967 queat‘?
2394 2892 2715 2953 mutamus

395 3013 445 3054 ιο
464 2992 754 3055 naturam
797 3007 1007 3054 rerum
1051 2989 1488 3071 iniquitatibus
1546 2990 1794 3065 nostris,
1858 2992 1919 3054 et
1963 3008 2117 3071 quae
2162 2989 2311 3055 deus
2357 2992 2518 3056 bona
2563 2990 2716 3056 fecit

465 3111 720 3157 munere
764 3092 1017 3175 pietatis
1061 3110 1227 3168 suae,
1275 3109 1348 3157 ea
1377 3112 1488 3157 nos
1519 3094 1692 3157 nobis
1739 3092 2004 3158 facimus
2048 3095 2214 3158 mala
2260 3113 2390 3159 esse
2436 3094 2712 3160 moribus

462 3197 668 3261 malis.

546 3297 690 3363 XII.
752 3297 871 3363 Sed
915 3298 1212 3365 uidelicet
1267 3300 1372 3380 qui
1417 3300 1873 3382 corrumpimur
1918 3300 2097 3364 rebus
2153 3300 2463 3383 prosperis
2521 3302 2715 3367 corri-
2732 3298 2816 3363 66

463 3401 669 3484 gimur
727 3404 1017 3481 aduersis,
1077 3404 1138 3466 et
1194 3420 1346 3483 quos
1401 3401 1895 3482 intemperantes
1952 3422 2070 3484 pax
2126 3403 2315 3485 longa
2369 3402 2519 3468 fecit
2575 3405 2713 3469 tur-

665 3573 729 3626 13
765 3572 793 3625 I
831 3574 969 3627 Tim.
1007 3573 1057 3638 2,
1090 3573 1139 3626 2.

562 3728 597 3782 3
633 3730 965 3797 propiciatur
1000 3730 1055 3782 A
1106 3729 1352 3797 placatur
1389 3731 1444 3784 Β
1478 3731 1574 3785 sed
1607 3747 1730 3785 cum
1764 3746 1968 3786 rasura
2005 3737 2133 3786 ante
2169 3733 2286 3800 plac
2491 3734 2712 3787 ueniant

459 3814 517 3867 A
722 3817 756 3869 6
789 3832 959 3885 neque
992 3817 1048 3870 Β
1086 3832 1225 3872 corr.
1263 3834 1330 3872 ex
1365 3822 1541 3886 nequa
1740 3818 1770 3870 7
1807 3818 2010 3872 exorari
2042 3819 2097 3872 Β
2294 3820 2329 3873 8
2362 3818 2609 3887 pacificos
2646 3836 2713 3875 ex

462 3900 711 3968 pacificus
763 3904 818 3955 A
870 3918 1010 3958 corr.
1048 3920 1118 3957 m.
1152 3909 1183 3957 1
1390 3905 1423 3959 9
1476 3903 1908 3959 habundantiam
1961 3905 2016 3957 A
2065 3905 2193 3959 item
2227 3906 2385 3973 infra
2418 3912 2469 3971 §.
2504 3910 2577 3962 66

467 3984 531 4038 12
566 3984 948 4041 obliuiscamur
984 4004 1051 4042 ex
1088 3991 1273 4043 -antur
1308 3991 1362 4043 A
1398 4005 1537 4047 corr.
1572 4007 1641 4045 m.
1676 3995 1711 4044 1
1916 4006 2035 4044 cum
2082 4007 2182 4045 om.
2220 3993 2275 4046 Β
2485 3993 2551 4050 14
2583 4011 2713 4064 aga-

459 4087 579 4125 mus
615 4088 686 4127 eae
720 4073 935 4143 agimus
969 4075 1027 4128 A
1061 4090 1201 4131 corr.
1229 4091 1297 4130 m.
1324 4081 1355 4129 1
1549 4076 1614 4131 19
1648 4078 1810 4145 atque
1848 4078 2083 4131 securius
2119 4077 2194 4143 B,
2357 4080 2429 4142 25
2462 4083 2713 4135 naturam

460 4157 515 4210 Β
549 4173 592 4211 s.
629 4158 664 4212 l.
870 4176 1005 4229 quae
1050 4177 1117 4215 ex
1162 4176 1267 4229 qua
1310 4162 1365 4214 A
1399 4177 1537 4218 corr.
1575 4178 1642 4216 m.
1678 4168 1710 4216 1
1920 4163 1988 4218 26
2036 4180 2284 4218 munerae
2325 4165 2423 4219 sed
2456 4182 2489 4219 a
2515 4173 2712 4234 punct.

458 4243 516 4296 A
720 4245 789 4299 28
824 4247 1183 4315 corrumpitur
1218 4247 1271 4300 B
