3380 4919
1084 289 1159 344 de
1193 290 1468 359 gubern.
1506 290 1613 344 dei
1649 289 1758 345 VII
1808 295 1838 355 ξ
1874 291 2094 345 53-58.
2598 292 2724 358 173

459 479 892 559 scribendum,
953 482 1101 564 quia
1158 481 1326 545 recte
1382 480 1477 545 illi
1535 480 1624 544 rei
1683 481 1919 546 factum
1978 482 2378 561 adscribitur,
2439 501 2595 564 quae
2648 486 2721 548 ut

460 586 602 666 quid
650 582 830 648 fieret
876 586 1098 667 exegit.
1189 603 1335 649 nam
1382 584 1448 649 et
1490 584 1818 660 homicida,
1879 603 2017 649 cum
2067 605 2104 650 a
2149 585 2349 649 iudice
2395 584 2717 663 occiditur,

460 704 570 752 suo
629 687 854 752 scelere
921 689 1200 770 punitur,
1270 689 1335 752 et
1401 687 1561 752 latro
1632 692 1741 752 aut
1802 688 2176 770 sacrilegus,
2247 706 2390 752 cum
2448 687 2719 751 flammis

461 791 754 867 exuritur,
803 791 932 855 suis
980 789 1350 855 criminibus
1398 791 1845 855 concrematur.
1894 791 2055 855 unde
2103 792 2166 855 et
2210 791 2370 873 quod
2417 790 2718 855 Wandali
2738 789 2825 854 56

417 894 538 957 aad
569 893 850 959 Africam
896 893 1281 960 transierunt
1309 911 1431 958 non
1476 894 1572 957 est
1603 894 1854 958 diuinae
1908 893 2233 960 seueritati
2278 894 2385 958 sed
2416 892 2718 958 Afrorum

459 997 677 1063 sceleri
724 997 1183 1081 deputandum3
1229 997 1411 1081 graui
1443 996 1608 1061 enim
1655 1014 1776 1079 eoS,
1823 997 2151 1078 antequam
2190 996 2343 1061 illuc
2370 998 2715 1085 pergerent,

460 1118 531 1166 ac
562 1100 753 1184 longa
783 1100 1120 1183 iniquitate
1152 1100 1492 1165 traxerunt.
1543 1104 1605 1165 et
1637 1100 1776 1165 ideo
1806 1099 2170 1184 intellegere
2205 1100 2520 1179 debemus,
2571 1098 2715 1182 quia

458 1203 710 1286 pietatis
758 1205 1005 1270 diuinae
1051 1204 1205 1282 fuit,
1268 1207 1429 1286 quod
1476 1221 1740 1285 poenam
1785 1203 1892 1269 diu
1945 1204 2217 1268 debitam
2262 1201 2532 1278 distulit,
2580 1204 2716 1284 pia-

377 1336 387 1347 ·
459 1306 740 1371 culorum
787 1310 998 1371 autem
1045 1308 1110 1371 et
1142 1307 1494 1385 criminum,
1544 1306 1707 1388 quod
1752 1305 2085 1387 aliquando
2120 1308 2403 1387 peccator
2449 1307 2714 1387 populus

363 1428 613 1494 .1oquae
670 1410 1026 1475 merebatur
1087 1410 1345 1491 excepit.
1434 1410 1554 1474 nisi
1602 1409 1765 1473 forte
1810 1408 1996 1473 Afros
2054 1408 2171 1473 hoc
2227 1426 2349 1472 non
2407 1408 2713 1473 meruisse

458 1512 782 1592 credimuS,
832 1531 975 1578 cum
1023 1514 1238 1595 utique
1282 1512 1447 1578 nulli
1475 1512 1699 1594 magis,
1747 1512 1963 1593 utpote
2001 1512 2067 1576 in
2099 1530 2250 1594 quos
2286 1512 2494 1576 omnia
2524 1512 2713 1578 simul

457 1616 930 1697 improbitatum
989 1620 1175 1697 atque
1231 1616 1672 1696 impuritatum
1735 1633 1962 1699 genera
2009 1613 2432 1679 confluxerint.
2525 1616 2716 1680 ceteri
2735 1616 2816 1682 57

459 1720 621 1783 enim
680 1718 992 1794 homines,
1055 1718 1170 1782 etsi
1215 1718 1532 1783 nonnullis
1580 1717 1880 1782 uitiorum
1925 1716 2184 1801 flagitiis
2238 1717 2499 1800 obligati
2545 1720 2714 1798 sunt,

456 1822 829 1903 quibusdam
874 1826 1085 1886 tamen
1130 1839 1253 1885 non
1299 1821 1723 1903 implicantur,
1782 1821 1895 1885 etsi
1942 1819 2287 1885 uinolentia
2330 1837 2450 1883 non
2497 1821 2717 1886 carent

391 1949 439 1989 15
455 1925 887 1990 maliuolentia
932 1926 1158 2007 carent,
1208 1923 1328 1989 etsi
1375 1924 1636 1989 libidine
1682 1924 1978 1989 aestuant
2025 1924 2366 2006 rapacitate
2409 1942 2533 1988 non
2579 1941 2713 1988 sae-

454 2029 671 2093 uiunt:
726 2025 959 2091 multos
1007 2026 1300 2108 denique,
1366 2027 1486 2091 etsi
1547 2029 1797 2091 accusat
1855 2025 2310 2090 incontinentia
2367 2044 2714 2109 corporum,

453 2129 823 2211 simplicitas
870 2130 1267 2196 commendat
1299 2131 1670 2194 animorum.
1721 2128 1787 2192 in
1819 2127 1991 2193 Afris
2024 2145 2167 2192 uero
2207 2146 2396 2210 paene
2427 2129 2715 2194 omnibus

453 2233 612 2298 nihil
656 2234 879 2297 horum
929 2234 1054 2314 est,
1124 2232 1288 2315 quod
1335 2232 1412 2296 ad
1457 2232 1794 2312 utrumque
1838 2231 2180 2313 pertineat,
2236 2231 2301 2295 id
2345 2233 2441 2295 est
2487 2233 2715 2297 bonum

454 2355 643 2419 aeque
688 2354 761 2400 ac
806 2335 1066 2414 malum,
1114 2336 1260 2416 quia
1302 2337 1510 2398 totum
1556 2333 1891 2399 admodum
1936 2334 2193 2398 malum.
2267 2335 2415 2399 adeo
2464 2333 2715 2399 exclusa

386 2466 436 2507 20
453 2444 712 2506 naturae
743 2437 1067 2523 originalis
1099 2437 1461 2504 sinceritate
1493 2437 1682 2503 aliam
1715 2437 2166 2519 quodammodo
2190 2437 2257 2502 in
2290 2436 2385 2502 his
2415 2440 2710 2503 naturam

452 2543 608 2609 uitia
653 2544 952 2609 fecerunt.

534 2682 752 2746 XIIII.
798 2681 1087 2762 Exceptis
1137 2678 1303 2744 enim
1344 2679 1739 2762 paucissimis
1784 2681 1884 2745 dei
1928 2679 2124 2745 seruis
2169 2680 2315 2762 quid
2349 2678 2471 2743 fuit
2502 2682 2704 2745 totum
2729 2680 2815 2745 58

450 2783 696 2849 Africae
767 2783 1153 2849 territorium
1223 2801 1411 2866 quam
1479 2784 1697 2848 domus
1765 2802 1889 2848 una
1946 2783 2245 2848 uitiorum
2266 2832 2280 2859 ,
2349 2801 2537 2849 aeneo
2605 2782 2702 2847 illi

449 2886 705 2965 simiIiS,
775 2887 850 2951 de
920 2905 1040 2968 quo
1105 2886 1407 2969 propheta
1474 2887 1656 2953 dicit:
1726 2904 1760 2951 o
1820 2886 2116 2951 ciuitas
2186 2886 2699 2969 sanguinum!

383 3009 810 3070 asaeneum,
869 2990 947 3055 in
1002 3007 1144 3072 quo
1192 2993 1313 3053 est
1357 3008 1680 3072 aerugo,
1736 3009 1882 3056 non
1941 2990 2142 3056 exiit
2186 2992 2271 3056 de
2330 3008 2450 3067 eo,
2514 2990 2694 3075 quia

451 3093 771 3175 sanguis
816 3111 965 3157 non
1010 3094 1219 3158 exiet
1266 3092 1350 3157 de
1399 3096 1528 3158 eo?
1574 3092 1918 3172 ciuitatem,
1951 3099 2025 3158 ut
2056 3094 2361 3172 uidemuS,
2408 3111 2596 3159 aeneo
2646 3096 2710 3158 et

449 3194 850 3276 iniquitatem
894 3194 1182 3277 sanguini
1240 3194 1656 3275 comparauit,
1713 3197 1787 3259 ut
1839 3195 2274 3279 intellegamus
2327 3195 2574 3261 scilicet
2619 3195 2709 3260 sic

450 3314 578 3363 esse
625 3300 690 3363 in
737 3297 993 3363 ciuitate
1037 3299 1250 3381 populi
1297 3296 1733 3380 iniquitatem,
1788 3297 1948 3363 sicut
1992 3300 2057 3363 in
2103 3317 2289 3363 aeneo
2336 3299 2704 3382 sanguinem

651 3551 718 3606 24
754 3551 945 3609 Ezech.
980 3552 1065 3619 24,
1103 3553 1136 3606 6

547 3791 581 3844 2
616 3790 783 3859 exigit
819 3793 872 3845 A
1081 3792 1116 3846 5
1151 3790 1456 3845 seueritatis
1490 3789 1588 3844 sed
1624 3806 1649 3843 s
1683 3789 1783 3856 fin.
1808 3791 1871 3844 in
1893 3807 2003 3845 ras.
2042 3791 2097 3844 A
2306 3793 2367 3846 11
2405 3793 2596 3861 utpote
2633 3808 2706 3846 ex

446 3877 637 3945 utpute
682 3877 738 3930 A
783 3892 924 3931 corr.
969 3893 1039 3931 m.
1074 3882 1107 3930 1
1310 3877 1380 3930 13
1432 3875 1764 3945 flagitiorum
1801 3876 1957 3930 uitiis
2009 3877 2065 3930 B
2275 3879 2340 3933 19
2393 3877 2702 3933 ammodum

444 3962 499 4015 A
703 3961 773 4016 20
826 3962 1135 4016 sinceritate
1173 3978 1240 4016 eoe
1285 3962 1597 4016 sentiritate
1645 3963 1701 4016 A
1736 3978 1877 4017 corr.
1914 3979 1984 4017 m.
2021 3966 2062 4018 2
2270 3965 2339 4018 23
2393 3966 2706 4019 territorum

443 4063 484 4101 8.
507 4064 610 4104 scr.
635 4049 735 4104 ult.
761 4049 886 4118 syll.
924 4050 945 4102 i
981 4049 1036 4102 A
1238 4049 1304 4103 25
1342 4050 1452 4103 exit
1485 4050 1558 4116 B,
1607 4051 1737 4105 item
1769 4051 1959 4104 statim
1984 4066 2095 4119 pro
2131 4050 2271 4104 exiet
2466 4052 2533 4106 26
2570 4047 2708 4106 ciui-

444 4135 555 4189 tate
602 4141 651 4190 et
698 4135 932 4189 uidimus
982 4140 1035 4189 et
1070 4135 1332 4204 sanguine
1383 4136 1438 4189 A
1646 4135 1715 4190 27
1768 4138 2094 4206 comparauit
2147 4138 2202 4191 B
2254 4152 2389 4193 corr.
2444 4154 2511 4193 σω
2564 4154 2704 4192 com·

444 4237 690 4289 paramus
