3380 4919
681 283 812 349 280
1657 279 1970 333 Saluiani

570 471 658 538 36
675 470 911 536 honore
979 470 1360 552 superarent.
1444 470 1593 553 quid
1660 470 1830 535 enim
1895 472 2123 535 rectius
2194 469 2342 554 quid
2409 472 2609 555 magis
2676 471 2933 551 iustum,

676 592 865 657 quam
923 574 997 638 ut
1060 572 1169 655 qui
1214 573 1509 637 meliores
1567 574 1734 662 suut*
1777 572 1941 638 idem
2001 574 2193 639 etiam
2239 574 2664 639 honoratiores
2712 579 2933 655 essent,

675 677 784 759 qui
825 676 1091 741 uincunt
1145 676 1378 742 iudicio
1433 676 1601 742 idem
1645 677 1971 741 uincerent
2014 677 2309 759 praemio,
2360 675 2468 758 qui
2514 677 2825 742 antistant
2866 678 2936 743 in

676 779 997 864 euangelio
1042 797 1213 845 sacro
1258 779 1425 844 idem
1457 796 1699 861 quoque
1727 780 1795 843 in
1827 781 2207 847 testamento
2237 780 2511 845 humano
2542 780 2936 863 antistarent,

677 883 742 947 et
785 882 902 946 hac
946 882 1162 948 saltim
1207 901 1273 947 re
1316 883 1719 947 concordaret
1762 896 1907 947 cum
1951 884 2277 947 uoluntate
2317 881 2557 947 Christi
2605 883 2937 964 parentum
2983 905 3007 944 5

675 985 880 1068 pietas
929 1002 1001 1049 ac
1045 985 1359 1063 uoluntas,
1413 987 1487 1050 ut
1531 1003 1683 1067 quos
1731 986 1881 1050 deus
1925 985 2383 1068 praeposuisset
2440 985 2741 1050 electione
2800 1003 2937 1050 eos-

677 1088 821 1152 dem
885 1087 1078 1152 etiam
1140 1090 1432 1171 parentes
1498 1090 1944 1171 anteponerent
2011 1089 2337 1172 dignitate.
2415 1089 2521 1152 sed
2565 1106 2686 1152 non
2731 1090 2936 1154 solum

676 1191 793 1256 hoc
836 1209 961 1256 non
1007 1190 1237 1274 agitur,
1286 1193 1391 1256 sed
1437 1193 1502 1255 in
1535 1191 1854 1256 diuersum
1885 1193 2096 1256 omnia
2126 1193 2414 1274 aguntur.
2479 1193 2939 1272 praeponuntur

679 1295 844 1358 enim
893 1294 1066 1378 puris
1124 1294 1563 1359 commaculati
1609 1295 2067 1376 praeponuntur
2123 1294 2410 1360 fidelibus
2454 1294 2633 1376 inpii,
2680 1312 2938 1376 praepo-

678 1400 915 1463 nuntur
978 1398 1203 1463 lumini
1248 1398 1542 1462 tenebrae
1604 1397 2006 1478 praeponitur
2061 1400 2231 1461 terra
2297 1397 2487 1473 caelo,
2535 1396 2938 1479 praeponitur
2957 1422 3011 1461 ιο

679 1503 949 1566 mundus
1013 1502 1145 1565 deo.
1220 1503 1287 1564 et
1339 1517 1631 1565 euasuros
1690 1519 1757 1565 se
1814 1498 2167 1565 huiusmodi
2234 1505 2521 1583 parentes
2564 1500 2669 1564 uel
2715 1502 2780 1565 in
2826 1500 2938 1565 hoc

679 1603 811 1668 solo
879 1603 1182 1668 iudicium
1248 1601 1347 1667 dei
1414 1601 1777 1681 aestimant,
1845 1603 1952 1685 qui
2010 1604 2253 1668 cultum
2311 1603 2411 1668 dei
2453 1604 2522 1667 et
2566 1602 2940 1686 dignitatem

679 1705 896 1770 iudicii
944 1706 1043 1769 sui
1086 1705 1464 1787 indignitate
1508 1703 1934 1770 conculcant?

578 1808 660 1875 37
769 1808 979 1872 VIIII.
1048 1808 1168 1874 Sed
1236 1807 1533 1872 uidelicet
1596 1826 1720 1872 non
1790 1807 2154 1889 contemptu
2209 1807 2312 1872 dei
2377 1809 2596 1873 dicunt
2650 1810 2938 1891 parentes

678 1911 833 1976 haec
880 1929 917 1975 a
961 1929 1026 1975 se
1082 1910 1216 1975 fieri
1283 1910 1392 1974 sed
1460 1928 1645 1975 causa
1713 1910 1904 1992 atque
1962 1910 2219 1975 ratione.
2298 1911 2523 1993 quibus
2590 1911 2774 1988 enim,
2843 1912 3017 1977 ill-1⁵

681 2013 927 2098 quiunt,
973 2013 1261 2078 relictam
1300 2013 1724 2079 substantiam
1754 2012 2042 2077 relicturi
2072 2017 2218 2077 sunt
2251 2013 2412 2079 filios
2444 2032 2566 2080 non
2599 2012 2941 2079 habentes?

681 2117 889 2181 dicam
952 2117 1197 2198 quibus,
1258 2134 1371 2181 nec
1429 2114 1767 2181 nominabo
1815 2135 1935 2191 coe,
2000 2133 2153 2198 quos
2196 2133 2389 2202 supra
2433 2116 2578 2197 dixi,
2639 2134 2939 2200 pauperes

681 2218 802 2304 dei,
848 2238 974 2285 non
1018 2219 1252 2284 alienos
1291 2221 1407 2285 aut
1451 2220 1636 2302 longe
1681 2217 1937 2300 positos,
1984 2237 2061 2283 ne
2106 2221 2333 2284 durum
2369 2223 2479 2285 aut
2522 2218 2940 2283 inhumanum

682 2321 843 2387 forte
906 2321 1217 2387 uideatur.
1289 2321 1434 2387 illos
1505 2322 1645 2388 dico
1707 2339 1878 2388 caros
1926 2325 1991 2386 et
2033 2321 2388 2387 indiuiduos
2440 2325 2508 2387 et
2564 2339 2717 2405 quos
2774 2323 2942 2387 recte

681 2424 877 2492 etiam
918 2443 1053 2511 noe,
1101 2427 1207 2508 qui
1252 2427 1489 2492 multas
1531 2425 1785 2491 suboles
1832 2424 2096 2505 habetiS‚
2142 2424 2290 2491 filiis
2338 2424 2704 2492 antefertis:
2772 2426 3021 2508 ipsosso

682 2547 748 2594 se
794 2531 1051 2612 inquam
1093 2529 1395 2612 homineS,
1457 2549 1492 2594 o
1538 2529 1956 2596 infidelissimi
1999 2530 2308 2613 parentes,
2365 2532 2532 2612 ipsos
2579 2548 2643 2594 se
2687 2529 2945 2610 inquam

682 2631 965 2697 dicimus.
1041 2632 1349 2715 numquid
1407 2634 1615 2714 potest
1673 2632 1937 2704 cuilibet
1994 2633 2337 2716 quidquam
2384 2651 2451 2698 se
2493 2632 2631 2713 ipso
2692 2630 2945 2713 propius

680 2734 985 2817 numquid
1046 2737 1252 2800 carius
1311 2734 1626 2800 inueniri?
1699 2753 1877 2802 suam
1936 2736 2270 2819 unicuique
2328 2741 2616 2802 uestrum
2663 2735 2946 2801 animam

575 2835 663 2903 38
682 2856 863 2904 suam
927 2839 1206 2904 salutem
1270 2856 1450 2903 suam
1518 2857 1692 2920 spem
1752 2840 2278 2912 commendamus.
2355 2845 2416 2906 et
2478 2840 2613 2921 pios
2659 2858 2768 2905 uos
2809 2853 2944 2902 esse

685 2939 910 3019 dicitis,
952 2941 1064 3023 qui
1107 2939 1269 3005 filios
1308 2941 1643 3024 diligatis?
1718 2942 1881 3008 nihil
1926 2945 2110 3025 plane
2157 2943 2372 3011 durius
2420 2943 2596 3009 uobis
2639 2941 2820 3007 nihilw
2844 2941 2941 3006 in-
2963 2967 3022 3011 2⁶

683 3044 1036 3127 humanius,
1100 3043 1258 3108 nihil
1315 3045 1448 3110 tam
1506 3044 1731 3125 ferum,
1794 3046 1955 3112 nihil
2000 3048 2135 3112 tam
2176 3047 2425 3130 inpium
2468 3045 2594 3112 dici
2637 3047 2862 3127 potest,
2908 3060 2947 3106 a

687 3145 916 3231 quibus
975 3147 1284 3229 inpetrari
1350 3146 1603 3212 omnino
1665 3166 1796 3215 non
1861 3149 2071 3232 potest
2135 3152 2210 3215 ut
2276 3166 2388 3215 uos
2462 3149 2629 3231 ipsos
2703 3146 2945 3213 ametis.

786 3336 821 3389 3
875 3337 1154 3390 antestant
1208 3351 1274 3390 ex
1325 3337 1597 3392 antistant
1649 3352 1788 3392 corr.
1823 3353 1895 3406 ¹m.
1935 3339 1976 3391 2
2022 3337 2078 3391 B
2131 3343 2183 3392 et
2234 3338 2424 3392 statim
2479 3338 2812 3391 antestarent

682 3417 716 3477 5
753 3422 949 3477 saltem
985 3438 1057 3477 ex
1091 3422 1275 3476 saltim
1311 3438 1451 3479 corr.
1474 3439 1544 3479 m.
1567 3423 1608 3477 2
1641 3421 1700 3476 A
1890 3421 1924 3477 9
1957 3419 2270 3476 fidedelibus
2297 3427 2494 3492 pwnct.
2524 3419 2621 3476 alt.
2659 3418 2723 3475 de
2757 3419 2812 3475 A

683 3503 753 3561 io
797 3513 927 3577 post
976 3508 1224 3561 tenebrae
1268 3506 1401 3562 adol.
1440 3511 1516 3576 'px
1562 3508 1920 3577 ’praeponitur
1970 3508 2096 3560 uita
2149 3507 2313 3562 morti
2520 3504 2586 3560 12
2639 3504 2952 3560 existimant

682 3593 1087 3652 Ritus-skama
1285 3594 1361 3648 20
1396 3594 1611 3648 soboles
1647 3594 1705 3647 B
1906 3594 2054 3662 ipsos
2067 3620 2132 3631 --
2147 3595 2396 3661 parentes
2437 3593 2785 3648 aberratione
2818 3603 2949 3645 ocu-

684 3680 864 3734 lorum
898 3696 999 3734 om.
1035 3680 1116 3742 A;
1166 3684 1403 3734 ceterum
1437 3681 1572 3734 haec
1605 3679 1777 3734 uerba
1816 3684 1868 3733 et
1902 3694 2041 3747 seqq.
2076 3680 2220 3748 ipsos
2256 3696 2298 3733 s.
2323 3678 2360 3731 i.
2399 3677 2626 3733 dicimus
2660 3693 2802 3731 sana
2838 3693 2956 3732 non

682 3771 844 3831 suita,-
890 3766 1021 3832 fort.
1056 3764 1246 3820 scrib..-
1272 3764 1415 3834 sipsis
1450 3765 1767 3834 relinquant
1802 3764 2064 3830 homines,
2095 3780 2147 3821 o.
2182 3764 2221 3818 i.
2258 3780 2328 3833 p.‚
2377 3765 2511 3833 ipsis
2545 3764 2766 3833 inquam
2804 3763 2953 3834 [dici-

682 3851 850 3920 mus];
898 3850 1201 3906 *Har-telius
1233 3852 1583 3920 suspicatur.-
1631 3852 1778 3920 ipsos
1814 3865 1926 3904 esse
1960 3852 2183 3919 inquam
2217 3850 2479 3915 homines,
2523 3867 2580 3905 o.
2617 3850 2654 3905 i.
2689 3867 2763 3920 p.‚
2811 3851 2954 3919 ipsos

686 3943 761 4013 [se
790 3936 1031 4007 inquam]
1070 3936 1300 3991 dicimus
1478 3936 1542 3991 21
1580 3937 1822 4005 ipsosse
1853 3951 1897 3989 s.
1935 3936 2078 4006 ipsos
2099 3952 2203 3991 uer.
2230 3953 2300 3992 m.
2322 3939 2364 3991 2
2388 3936 2423 3990 b
2447 3952 2491 3991 s.
2528 3954 2585 3991 se
2617 3952 2724 3993 scr.
2761 3952 2810 4000 a,
2845 3951 2957 4005 quo

679 4023 1025 4093 sianfficetwr
1067 4023 1488 4093 trwtsponenda
1529 4040 1643 4080 asse
1686 4023 1856 4078 uerba
1897 4023 1953 4078 A
2159 4023 2227 4079 22
2272 4024 2559 4094 quicquam
2595 4024 2716 4094 (sic)
2763 4024 2819 4077 A

683 4107 930 4178 proprius
964 4110 1077 4165 AB
1128 4145 1131 4148 >
1271 4110 1340 4164 25
1375 4110 1460 4165 nil
1494 4116 1697 4179 quater
1730 4109 1984 4178 deinceps
2017 4110 2074 4164 B
2269 4109 2336 4164 26
2373 4110 2587 4179 inpium
2623 4125 2692 4166 ex
2726 4109 2954 4178 impium

690 4210 830 4252 corr.
867 4210 1072 4250 rasura
1104 4195 1160 4248 A
