3380 4919
584 335 668 399 14
1550 329 1861 382 Saluiani

581 520 891 603 scriptura
959 519 1163 584 dicit?
1239 519 1623 583 formauit
1698 520 1984 602 igitur,
2024 519 2208 583 deus
2282 519 2670 583 hominem
2744 518 2830 583 de

580 626 766 690 limo
815 625 1074 688 terrae
1119 625 1190 686 et
1236 622 1680 703 inspirauit
1723 623 1801 686 in
1848 641 2015 686 eum
2062 622 2545 704 spiraculum
2589 623 2827 688 uitae.

581 731 643 793 et
689 729 834 810 quid
879 727 1140 808 postea?
1186 725 1485 806 posuit,
1533 725 1754 806 inquit,
1804 744 1973 790 eum
2021 725 2098 788 in
2144 725 2511 806 paradiso
2559 726 2831 807 uolup-

580 831 803 895 tatis
869 828 1018 910 quid
1067 827 1398 909 deinceps?
1446 828 1618 892 dedit
1651 827 1890 892 scilicet
1923 829 2146 909 legem,
2193 829 2538 911 praeceptis
2571 828 2823 908 imbuit,

579 933 971 997 institutione
1042 931 1359 995 formauit.
1437 932 1584 1013 quid
1654 932 1863 995 autem
1932 933 2069 1013 post
2136 931 2289 996 haec
2346 932 2628 996 secutum
2693 935 2830 997 est?
2873 951 2897 991 5

578 1035 900 1117 praeteriit
963 1035 1146 1099 homo
1205 1034 1573 1098 mandatum
1631 1053 1899 1112 sacrum,
1962 1035 2342 1099 sententiam
2386 1034 2603 1115 subiit,
2652 1020 2831 1117 para-

473 1147 559 1212 28
579 1139 782 1203 disum
827 1137 1120 1221 perdidit,
1167 1154 1432 1218 poenam
1480 1137 1898 1222 damnationis
1947 1137 2202 1219 excepit.
2271 1140 2409 1219 quis
2454 1156 2575 1202 non
2625 1139 2689 1201 in
2734 1139 2830 1203 his

577 1241 864 1306 omnibus
913 1244 976 1305 et
1021 1241 1499 1325 gubernatorem
1547 1242 1731 1305 deum
1764 1240 1977 1306 uideat
2011 1244 2074 1305 et
2120 1242 2437 1306 iudicem?
2506 1242 2831 1306 constituit

577 1346 745 1409 enim
791 1345 993 1409 Adam
1053 1345 1119 1407 in
1178 1345 1456 1425 paradiso
1516 1345 1929 1422 innocentem,
1991 1343 2231 1426 expulit
2290 1363 2485 1409 reum.
2563 1344 2628 1409 in
2683 1363 2831 1410 con-

574 1448 907 1513 stitutione
953 1449 1258 1513 ordinatio
1304 1448 1419 1526 est,
1469 1447 1533 1510 in
1583 1447 1937 1529 expulsione
1983 1446 2306 1512 iudicium.
2373 1450 2614 1531 quando
2662 1449 2830 1512 enim
2849 1470 2897 1510 ιο

579 1571 723 1616 eum
769 1552 831 1615 in
877 1551 1008 1616 loco
1054 1550 1399 1631 uoluptatis
1447 1550 1674 1632 posuit,
1724 1548 2058 1628 ordinauit,
2110 1551 2351 1631 quando
2396 1554 2606 1615 autem
2652 1570 2829 1615 reum

577 1657 652 1719 de
712 1672 895 1736 regno
955 1654 1220 1736 expulit,
1279 1653 1604 1718 iudicauit.
1683 1672 1827 1734 ergo
1885 1652 1999 1717 hoc
2046 1654 2121 1717 de
2164 1654 2364 1734 primo
2419 1655 2701 1732 homine,
2763 1654 2829 1718 id

575 1759 670 1821 est
718 1758 791 1821 de
836 1761 1028 1839 patre.
1078 1757 1227 1839 quid
1275 1757 1348 1821 de
1395 1757 1680 1835 secunde,
1745 1757 1807 1821 id
1856 1758 1953 1821 est
1998 1757 2073 1820 de
2119 1757 2295 1822 filio?
2354 1757 2646 1821 factum
2691 1760 2825 1838 est,

574 1860 780 1941 inquit
848 1861 1159 1942 scriptura
1226 1878 1432 1935 sacra,
1503 1861 1682 1943 post
1743 1861 2032 1924 multos
2097 1861 2295 1936 dieS,
2369 1863 2446 1924 ut
2492 1859 2827 1924 offerret

574 1960 760 2026 Cain
830 1961 915 2026 de
991 1961 1400 2027 fructibus
1476 1965 1735 2027 terrae
1810 1982 2133 2028 munera
2210 1964 2534 2028 domin0.
2626 1963 2894 2028 Abelis

576 2082 866 2146 quoque
926 2063 1221 2129 obtulit
1282 2067 1367 2130 de
1436 2065 1836 2148 primitiis
1908 2066 2176 2149 gregis
2238 2067 2361 2130 sui
2414 2069 2487 2130 et
2532 2067 2619 2130 de
2666 2067 2825 2131 adi-

573 2167 798 2248 pibus
845 2168 1029 2233 eiuS.
1108 2171 1187 2235 et
1230 2169 1584 2251 respexit
1629 2169 2000 2234 dominus
2049 2169 2140 2235 ad
2180 2170 2373 2235 Abel
2420 2172 2628 2234 etad
2673 2190 2826 2235 mu-

573 2289 760 2335 nera
823 2271 1024 2352 61113,
1090 2273 1178 2337 ad
1226 2271 1413 2338 Cain
1479 2292 1661 2338 uero
1721 2277 1794 2338 et
1842 2273 1931 2338 ad
2000 2292 2325 2338 munera
2392 2274 2622 2338 illius
2682 2293 2826 2338 non

466 2377 936 2456 29respexit.
1013 2377 1380 2459 priusquam
1426 2380 1498 2441 de
1547 2377 1929 2442 euidentiore
1977 2378 2204 2443 iudicio
2256 2379 2354 2443 dei
2404 2379 2626 2456 dicam,
2675 2380 2823 2459 puto

574 2481 737 2562 quod
785 2480 975 2545 etiam
1020 2481 1085 2545 in
1130 2480 1226 2545 his
1275 2484 1429 2563 quae
1476 2481 1605 2546 iam
1651 2480 1920 2546 diximus
1967 2485 2270 2563 quaedam
2305 2501 2565 2546 censura
2609 2480 2823 2546 iudicii
2844 2504 2893 2543 20

574 2586 698 2667 est3
746 2582 809 2647 in
838 2584 952 2649 hoc
985 2584 1169 2658 enim,
1220 2584 1382 2665 quod
1431 2584 1612 2648 unius
1658 2584 2028 2648 sacrificium
2074 2587 2221 2649 deus
2268 2585 2532 2665 suscipit
2562 2584 2822 2650 alterius

574 2686 876 2764 excludit,
939 2685 1402 2749 euidentissime
1465 2688 1676 2766 utique
1724 2689 1785 2748 et
1831 2686 1905 2748 de
1951 2686 2133 2749 unius
2180 2687 2425 2750 iustitia
2471 2688 2533 2749 et
2579 2686 2653 2749 de
2699 2684 2821 2749 ini-

571 2790 815 2871 quitate
878 2789 1134 2852 alterius
1198 2786 1519 2852 iudicauit.
1599 2788 1709 2851 sed
1770 2788 1883 2851 hoc
1947 2806 2164 2869 parum
2228 2789 2344 2853 est.
2422 2786 2575 2853 Cain
2626 2787 2823 2870 igitur

572 2892 782 2955 futuro
844 2891 1096 2954 facinori
1154 2890 1324 2954 uiam
1385 2891 1672 2953 sternens
1735 2889 1995 2953 fratrem
2041 2890 2106 2952 in
2153 2889 2558 2955 solitudinem
2605 2890 2820 2967 trahit,

569 2994 825 3057 secretis
873 2992 1406 3073 patrocinantibus
1457 2992 1656 3056 scelus
1700 2990 1979 3075 peragit,
2028 2992 2434 3075 impiissimus
2480 2994 2713 3075 pariter
2760 2995 2819 3058 et
2840 3020 2889 3061 25

567 3097 1015 3176 stultissimuS,
1078 3096 1185 3178 qui
1245 3096 1321 3159 ad
1382 3096 1863 3177 perpetrandum
1920 3096 2261 3160 maximum
2319 3096 2487 3162 nefas
2541 3096 2820 3162 sufficere

572 3199 699 3264 sibi
756 3198 1053 3281 credidit,
1119 3200 1174 3263 si
1217 3200 1500 3281 aspectus
1560 3199 1793 3264 uitaret
1854 3198 2173 3264 hominum
2232 3199 2651 3265 fratricidium
2708 3201 2818 3267 deo

573 3302 733 3366 teste
781 3303 1076 3367 facturus
1154 3303 1314 3366 unde
1359 3307 1528 3385 puto,
1578 3302 1740 3384 quod
1786 3301 1939 3367 haec
1983 3302 2047 3366 in
2092 3302 2199 3366 illo
2249 3303 2372 3367 iam
2417 3306 2567 3368 tunc
2612 3304 2818 3384 opinio

572 3405 762 3471 fuerit
818 3425 972 3488 quae
1029 3424 1192 3470 nunc
1237 3407 1302 3469 in
1348 3404 1567 3469 multis
1628 3408 1753 3489 est,
1816 3406 2002 3470 deum
2046 3406 2284 3470 scilicet
2333 3406 2654 3471 terrestria
2698 3427 2817 3473 non

571 3510 872 3590 respicere
933 3511 996 3574 et
1067 3512 1239 3574 actus
1309 3508 1750 3573 sceleratorum
1817 3508 2141 3573 hominum
2211 3528 2332 3573 non
2403 3510 2631 3574 uidere.
2709 3531 2820 3577 nec
2836 3538 2886 3578 30

569 3613 829 3678 dubium
877 3615 987 3692 est,
1037 3631 1179 3677 cum
1209 3615 1344 3694 post
1383 3611 1620 3677 facinus
1656 3613 2001 3677 admissum
2032 3611 2133 3677 dei
2166 3630 2447 3677 sermone
2482 3616 2816 3679 conuentus

782 3816 804 3867 1
846 3816 974 3873 Gen.
1012 3817 1060 3880 2,
1099 3816 1128 3868 7
1335 3817 1368 3869 3
1405 3815 1535 3870 Gen.
1573 3816 1622 3880 2,
1657 3818 1690 3869 8
1901 3816 1963 3870 13
2001 3816 2128 3869 Gen.
2165 3818 2216 3880 4,
2252 3818 2285 3870 3
2310 3833 2388 3885 sq.

672 3988 706 4039 3
742 4002 859 4039 eum
896 3987 1075 4054 inquit
1110 3988 1164 4040 Β
1373 3989 1403 4041 7
1441 3988 1834 4056 dampnationis
1870 3987 1925 4040 A
2111 3988 2168 4041 in
2203 4004 2302 4043 om.
2338 3990 2409 4043 A⁴
2598 3992 2631 4045 9
2666 4005 2811 4045 reum

567 4078 635 4127 en
682 4073 735 4126 Β
944 4073 1008 4126 19
1062 4072 1383 4127 euidenciori
1438 4074 1492 4126 Β
1701 4072 1768 4126 20
1813 4073 1975 4126 etiam
2025 4074 2164 4142 quod
2212 4076 2266 4128 Β
2474 4076 2536 4129 21
2586 4075 2813 4143 suscepit

566 4160 624 4213 B
832 4159 899 4212 22
935 4161 988 4213 et
1026 4159 1185 4213 unius
1223 4160 1277 4212 Β
1311 4162 1434 4227 (om.
1472 4159 1554 4227 de)
1745 4159 1831 4213 *24
1876 4159 2167 4214 solitudine
2213 4162 2267 4214 Β
2475 4162 2542 4215 26
2579 4161 2813 4216 sufficere

565 4247 648 4301 bis
685 4247 738 4301 A
772 4264 839 4302 m.
866 4252 896 4300 1
1105 4246 1170 4299 27
1209 4248 1425 4315 aspectu
1462 4245 1544 4298 sui
1585 4245 1733 4299 daret
1768 4246 1861 4300 sed
1897 4249 1920 4300 t
1957 4262 2077 4315 sup.
2118 4247 2153 4301 d
2188 4247 2363 4303 adeor.
2400 4265 2470 4306 m.
2495 4250 2535 4304 2
2570 4249 2621 4301 A
