3380 4919
673 304 800 370 296
1638 303 1957 357 Saluiani

566 490 650 559 81
671 510 810 556 ecce
873 492 1021 568 iam,
1089 508 1230 556 ecce
1298 490 1576 570 moretm,
1645 509 2010 575 egressurus
2079 493 2153 556 de
2225 490 2407 555 domo
2474 493 2744 573 corporis
2810 492 2924 569 tui,

669 595 945 659 nesciens
1012 611 1133 676 quo
1200 594 1404 659 iturus
1471 613 1592 677 quo
1661 593 2062 660 abducendus
2130 594 2209 659 ad
2275 611 2464 676 quam
2529 595 2817 677 poenalia
2860 599 2923 662 et

669 715 857 780 quam
903 701 1111 762 taetra
1153 697 1510 780 rapiendae,
1571 696 1674 762 cui
1718 715 1918 761 unum
1959 699 2394 762 tantummodo
2438 702 2714 780 superest
2758 699 2925 765 inter

669 818 959 882 suprema
1002 801 1358 884 perfugium
1402 818 1530 866 una
1560 799 1903 883 effugiendi
1932 801 2169 867 aeterni
2212 801 2376 884 ignis
2419 801 2673 884 specula
2718 803 2921 882 datur,

667 905 742 967 ut
782 922 893 986 pro
939 904 1002 968 te
1049 903 1272 968 offeras
1317 904 1535 969 saltim
1579 904 1745 987 quod
1790 905 1856 968 in
1899 904 2259 969 substantia
2305 903 2514 982 habffl,
2561 904 2707 986 quia
2749 906 2920 970 aliud
2966 925 2993 967 5

667 1008 831 1089 quod
898 1007 1099 1089 possis
1159 1008 1274 1073 deo
1334 1006 1555 1072 offerre
1613 1007 1741 1071 iam
1786 1024 1912 1071 non
1955 1007 2179 1074 habes:
2250 1009 2316 1071 et
2358 1007 2430 1070 tu
2474 1006 2785 1072 inmemor
2829 1010 2921 1072 tui

668 1110 902 1176 oblitus
949 1109 1176 1175 salutis
1222 1114 1386 1187 tuae,
1433 1112 1507 1175 de
1554 1109 1875 1190 legatariis
1903 1109 2085 1175 nouis
2115 1109 2351 1192 cogitas
2382 1109 2460 1173 de
2490 1109 2923 1193 locupletando

560 1214 648 1282 82
665 1214 892 1279 herede
936 1212 1232 1296 suspiras.
1295 1215 1358 1277 et
1405 1210 1556 1276 haec
1599 1212 1836 1277 faciens
1880 1212 2126 1277 credere
2169 1214 2234 1277 te
2278 1211 2579 1277 iudicium
2610 1213 2712 1277 dei
2744 1213 2920 1289 dicis,

666 1317 776 1401 qui
818 1317 959 1397 tibi,
1006 1334 1149 1381 cum
1191 1315 1560 1381 iudicandus
1604 1315 1713 1391 siS,
1759 1317 1863 1380 uel
1909 1316 2075 1380 inter
2119 1334 2411 1399 suprema
2454 1333 2575 1380 non
2605 1316 2923 1381 consulis?

668 1422 736 1485 et
780 1420 1032 1485 credere
1075 1422 1140 1483 te
1186 1419 1423 1501 aliquid
1466 1420 1542 1483 de
1585 1418 1790 1484 salute
1821 1419 2065 1483 animae
2109 1422 2255 1484 tuae
2298 1418 2590 1501 loquer-iffi
2638 1421 2738 1485 cui
2782 1420 2993 1485 nul-10

665 1525 765 1588 lus
825 1525 921 1587 est
977 1521 1190 1587 anima
1232 1524 1343 1586 tua
1399 1521 1606 1600 uilior,
1670 1523 1836 1605 apud
1882 1540 2069 1604 quem
2111 1540 2300 1606 prope
2347 1538 2467 1586 non
2510 1520 2778 1587 interest
2822 1524 2924 1588 cui

664 1627 883 1709 prosiS,
930 1625 1265 1690 dummodo
1295 1628 1368 1689 ut
1410 1623 1533 1689 tibi
1566 1627 1832 1690 noceas?
1877 1628 1940 1690 et
1970 1626 2215 1691 credere
2244 1625 2310 1688 te
2339 1625 2624 1690 futurum
2653 1624 2924 1691 iudicem

665 1730 846 1804 (licie,
912 1729 1077 1810 apud
1143 1747 1330 1812 quem
1397 1728 1612 1793 nullus
1672 1732 1768 1794 est
1833 1728 2041 1795 minor
2097 1732 2288 1813 atque
2347 1727 2691 1811 despectior
2734 1747 2921 1810 quam

664 1832 798 1914 ipse
840 1831 1065 1896 iudex?
1138 1849 1287 1896 nam
1328 1832 1397 1895 in
1452 1835 1705 1897 tantum
1750 1851 1894 1897 eum
1938 1833 2182 1914 spernis
2227 1834 2293 1897 in
2338 1833 2587 1897 tantum
2632 1831 2917 1914 despiciS‚

662 1935 740 1998 nt
782 1952 897 1999 nec
940 1932 1194 1997 tibimet
1236 1932 1361 2017 ipsi
1406 1936 1715 2011 consulas,
1776 1935 2110 2001 dummodo
2155 1938 2285 2001 eius
2331 1935 2497 2000 iussa
2538 1936 2916 1999 contemnas,
2940 1957 2992 2000 ιε

557 2038 647 2104 83
665 2036 777 2102 aut
840 2035 1056 2101 refelle
1121 2055 1220 2100 me
1288 2039 1353 2100 et
1421 2035 1737 2114 conuince‚
1804 2038 1858 2101 si
1924 2039 2211 2102 mentior.
2297 2037 2530 2102 clamat
2595 2035 2717 2100 tibi
2782 2052 2922 2101 ecce

665 2140 961 2206 morienti
1026 2139 1179 2222 ipse,
1248 2139 1357 2222 qui
1401 2144 1465 2205 te
1509 2139 1898 2205 iudicaturus
1956 2141 2051 2205 est
2119 2140 2301 2205 iudex
2361 2143 2528 2218 tuus,
2596 2158 2675 2203 ne
2718 2138 2923 2203 ullum

664 2246 914 2310 omnino
979 2243 1297 2308 hominem
1357 2247 1421 2310 in
1479 2243 1886 2324 prorogandis
1952 2245 2137 2310 rebus
2194 2262 2269 2309 ac
2318 2242 2728 2312 ‚facultatibus
2796 2242 2923 2306 tuis

663 2349 809 2430 plus
855 2366 1042 2429 quam
1087 2350 1149 2411 te
1194 2365 1384 2425 amae,
1445 2365 1522 2412 ne
1566 2346 1684 2412 ulli
1732 2347 1807 2410 de
1851 2346 2211 2411 substantia
2253 2348 2364 2410 tua
2406 2347 2675 2411 moriens
2720 2344 2923 2427 magis

664 2470 852 2534 quam
921 2451 1036 2516 tibi
1104 2451 1410 2529 consum,
1481 2449 1730 2515 nullum
1790 2448 1910 2514 tibi
1972 2452 2185 2515 anima
2242 2450 2355 2515 tua
2416 2447 2994 2532 propinquioremm

663 2554 913 2621 nullum
955 2554 1194 2619 iudices
1240 2555 1555 2620 cariorem.
1626 2554 1815 2636 quid
1861 2555 2067 2617 eni-m
2110 2551 2502 2637 proderit,
2551 2551 2755 2634 inquit
2799 2551 2921 2615 sal·

663 2662 862 2736 nator,
925 2657 1226 2721 homini
1286 2656 1355 2722 si
1411 2658 1776 2722 lucretur
1833 2656 2199 2724 mundum
2260 2659 2514 2721 totum
2561 2656 2636 2719 et
2679 2653 2923 2721 detri-

662 2762 1015 2826 mentum
1076 2761 1329 2825 faciat
1381 2761 1680 2825 animae
1726 2764 1955 2826 suae?
2022 2764 2156 2825 aut
2200 2759 2389 2842 quid
2433 2758 2658 2824 dabit
2701 2758 2924 2821 homo

555 2862 1360 2932 &commutationem
1421 2882 1558 2947 pro
1618 2864 1877 2928 anima
1928 2866 2107 2928 sua?
2179 2864 2293 2928 hoc
2338 2863 2434 2927 est
2478 2862 2708 2927 dicere:
2776 2860 2924 2942 quid

666 2966 809 3049 tibi,
856 2984 892 3031 o
934 2965 1367 3031 infelicissime
1427 2967 1630 3045 homo,
1699 2965 1992 3049 proderit,
2062 2967 2116 3030 si
2151 2984 2407 3031 *omnem
2466 2966 2769 3029 mundum
2814 2961 2995 3028 autu

664 3071 795 3152 ipse
860 3067 1092 3134 habeas
1156 3072 1266 3133 aut
1331 3068 1460 3134 tuis
1525 3068 1823 3153 proximis
1882 3069 2291 3151 derelinquaS‚
2361 3070 2413 3132 si
2468 3067 2690 3132 salutis
2735 3066 2921 3149 atque

667 3172 912 3237 animae
943 3171 1321 3236 detrimenta
1349 3169 1658 3254 patiaris?
1705 3172 1937 3236 damna
1965 3174 2132 3237 enim
2164 3172 2409 3236 animae
2440 3171 2646 3235 totum
2667 3169 2924 3251 penitus

871 3322 935 3377 21
975 3322 1173 3377 Matth.
1214 3324 1294 3390 16,
1330 3326 1398 3379 26

773 3461 797 3514 1
839 3462 1079 3516 >moreris
1130 3462 1243 3517 AB
1295 3462 1388 3531 (cf.
1424 3469 1475 3528 9.
1514 3466 1588 3518 85
1639 3463 1751 3518 iam
1805 3462 2107 3530 moricum:
2168 3461 2408 3517 morieris
2454 3477 2499 3531 p
2526 3462 2791 3516 Halmius

663 3547 699 3599 2
749 3562 854 3615 quo
900 3545 1242 3603 abducendus
1288 3566 1358 3604 ex
1397 3550 1542 3619 quod
1586 3548 1910 3605 abdicendus
1946 3564 2085 3605 corr.
2117 3564 2191 3603 m.
2228 3551 2270 3603 2
2304 3548 2361 3602 Β
2560 3548 2598 3602 4
2648 3561 2929 3617 supraema

662 3632 776 3686 AB
983 3634 1199 3703 specula
1240 3633 1475 3703 scripsi.-
1526 3635 1766 3705 speicnla
1797 3635 1910 3689 AB
1928 3633 2218 3697 Halmium
2272 3651 2351 3688 cm
2390 3634 2541 3701 forte
2576 3632 2828 3702 spescula
2863 3636 2929 3687 ut

663 3719 1146 3774 rescula=recula
1162 3718 1355 3789 quode
1378 3720 1497 3775 uid.
1524 3720 1659 3777 Ind.
1687 3720 1860 3774 HL?
2054 3720 2090 3773 5
2123 3720 2315 3774 saltem
2353 3725 2406 3774 et
2438 3719 2627 3775 statim
2651 3718 2822 3775 habes
2860 3734 2930 3772 ex

664 3803 940 3859 eastimet
973 3804 1128 3860 habia
1163 3822 1305 3861 corr.
1339 3809 1476 3863 vra-2
1510 3810 1565 3861 A
1757 3808 1792 3861 7
1828 3806 2078 3874 locuplet.
2113 3822 2184 3861 cx
2218 3806 2405 3875 locopl.
2441 3821 2583 3861 corr.
2605 3822 2676 3863 m.
2700 3801 2742 3859 2
2775 3807 2829 3858 A
2864 3810 2929 3859 ut

661 3903 793 3943 mox
825 3889 1031 3958 aliquid
1064 3907 1133 3952 οω,
1167 3889 1366 3962 aliquit
1571 3893 1640 3948 13
1672 3892 1968 3961 dispectior
1997 3898 2050 3945 et
2083 3908 2210 3947 mox
2244 3891 2465 3960 dispicis
2500 3892 2557 3946 A
2590 3896 2645 3946 et
2679 3890 2822 3959 desp.
2862 3905 2929 3943 σω

663 3973 805 4042 disp.
836 3990 979 4029 corr.
1004 3993 1074 4030 m.
1100 3980 1141 4031 2
1176 3978 1232 4032 B
1421 3979 1488 4034 15
1522 3978 1610 4033 n&
1641 3994 1685 4033 s.
1719 3994 1822 4033 scr.
1860 3993 1919 4033 ec
1951 3993 2021 4031 m.
2046 3980 2085 4031 2
2117 3978 2172 4030 A
2361 3976 2429 4031 18
2462 3976 2732 4031 hominem
2766 3976 2929 4041 A(b)=

565 4075 569 4080 ’
661 4058 938 4115 hominum
972 4062 1029 4116 Β
1066 4068 1120 4117 et
1153 4064 1275 4119 edd.
1311 4080 1437 4119 cum
1460 4064 1687 4119 Halmio
1723 4063 1984 4133 Μήλα
2004 4063 2197 4118 adnot.
2393 4061 2770 4131 praerogandis
2806 4061 2930 4115 mt-

661 4146 968 4201 torena-sius
1154 4150 1224 4205 23
1255 4149 1385 4219 quid
1412 4156 1611 4219 punct.
1640 4151 1704 4204 id
1741 4156 1794 4205 et
1826 4166 1870 4204 s.
1895 4165 1999 4205 scr.
2021 4166 2091 4204 m.
2116 4152 2156 4203 2
2191 4165 2276 4202 am
2310 4150 2423 4203 AB
2453 4149 2547 4204 hio
2569 4155 2622 4203 et
2639 4154 2698 4212 ἕ.
2720 4152 2793 4203 84

663 4232 734 4286 25
768 4232 1120 4288 infilicissime
1154 4236 1208 4288 A
1413 4240 1568 4290 omne
1604 4251 1674 4290 em
1708 4235 1895 4290 omniu
1930 4251 2071 4291 corr.
2105 4252 2175 4290 m.
2211 4240 2248 4288 2
2284 4236 2339 4290 B

119 4447 711 4804 *N*
