3380 4919
1413 380 1708 448 epistola
1754 380 1798 435 Ι.
2611 377 2738 444 203

479 570 658 635 uobis
716 589 890 654 eum,
947 572 1051 653 qui
1098 570 1193 647 est
1237 589 1441 650 meus„
1498 572 1587 634 ita
1630 574 1703 634 ut
1747 572 1954 656 ipsum
2002 589 2099 633 me
2144 587 2263 635 non
2312 588 2557 636 necesse
2605 576 2733 647 est;

481 672 721 756 deinde,
771 671 914 754 quia
959 691 1101 738 cum
1148 691 1247 738 me
1289 674 1640 755 portionem
1687 676 1880 741 uestri
1926 673 2307 754 existimetiS,
2354 690 2598 737 necesse
2643 676 2736 737 est

479 794 641 857 eum,
689 775 796 856 qui
841 776 965 840 mei
1009 775 1212 859 portio
1261 777 1373 858 est,
1420 776 1615 841 uestri
1661 796 1902 860 quoque
1950 776 2339 858 aliquatenus
2384 775 2737 856 portionem

480 897 608 943 esse
664 878 938 961 ducatis;
1009 881 1336 962 postremo,
1399 883 1559 961 quod
1617 881 2070 947 commendatio
2114 880 2253 961 ipsa
2298 878 2461 943 sicut
2505 877 2735 943 diuersi

433 980 720 1063 sgeneris
765 980 859 1046 ita
903 981 1092 1046 etiam
1140 982 1586 1048 excellentioris
1646 988 1741 1048 est
1788 985 2095 1051 caritatis.
2163 985 2304 1050 aliis
2351 981 2518 1048 enim
2566 1000 2733 1046 com·
2800 980 2841 1044 9

478 1085 774 1149 mendaui
846 1085 1012 1150 hunc
1077 1101 1325 1167 corpore
1393 1085 1573 1151 uobis
1639 1086 1881 1171 spiritu,
1959 1089 2099 1153 aliis
2174 1088 2236 1153 iu
2315 1086 2739 1151 emolumenta

479 1188 899 1271 praesentium
959 1188 1138 1253 uobis
1184 1189 1250 1252 in
1295 1208 1465 1270 spem
1527 1188 1899 1270 futurorum,
1963 1191 2103 1256 aliis
2150 1191 2224 1256 ob
2271 1190 2490 1255 breuia
2550 1192 2737 1269 atque

480 1293 731 1356 terrena
776 1291 952 1356 uobis
998 1293 1072 1357 ob
1121 1291 1507 1375 sempiterna
1550 1294 1738 1375 atque
1784 1295 2021 1359 diuina.
2099 1295 2161 1357 et
2204 1295 2391 1368 recte,
2450 1293 2543 1366 ut,
2591 1290 2737 1372 quia

481 1394 756 1459 carnalia
800 1393 977 1458 uobis
1024 1396 1228 1458 minus
1274 1414 1462 1475 quam
1507 1397 1817 1478 spiritalia
1854 1398 2016 1461 bona
2060 1396 2416 1479 suppetunt,
2464 1394 2576 1458 illa
2622 1411 2734 1476 ego

410 1518 464 1558 ιο
481 1497 681 1579 magis
729 1517 765 1560 a
809 1496 988 1562 uobis
1033 1500 1323 1579 peterem,
1371 1497 1591 1578 quibus
1636 1517 1747 1564 uos
1795 1498 1995 1580 magis
2033 1498 2384 1563 abundatis.
2434 1497 2735 1580 suscipite
2760 1494 2841 1560 10

480 1617 646 1682 ergo,
708 1617 952 1680 11110000,
1007 1599 1172 1664 1111110
1228 1601 1300 1664 ut
1356 1619 1496 1665 mea
1550 1600 1792 1665 uiscera
1851 1603 1914 1664 et
1959 1604 2260 1683 quantum
2307 1602 2373 1665 in
2418 1599 2594 1665 uobis
2642 1600 2737 1664 est

479 1704 759 1766 uestrum
787 1702 992 1781 facite,
1017 1702 1259 1768 inlicite
1280 1706 1342 1766 et
1367 1703 1804 1781 adhortamini,
1832 1705 2066 1780 docete,
2095 1705 2423 1780 instituite,
2448 1702 2735 1781 formate,

478 1803 737 1889 gignite.
810 1806 1028 1870 christi
1075 1805 1308 1870 domini
1356 1807 1554 1870 nostri
1600 1807 2027 1873 misericordia
2070 1806 2330 1885 tribuat,
2376 1806 2451 1868 ut
2487 1803 2634 1886 quia
2681 1804 2737 1868 ei

479 1908 542 1972 id
587 1907 789 1991 magis
835 1908 1099 1991 expedit,
1148 1911 1251 1992 qui
1299 1928 1466 1973 nunc
1511 1911 1891 1993 propinquus
1924 1929 2097 1976 meus
2131 1915 2226 1975 est
2257 1914 2319 1974 et
2366 1911 2733 1985 ceterorum,

411 2033 462 2073 15
480 2015 685 2075 uester
749 2030 886 2076 esse
942 2012 1201 2094 incipiat
1259 2014 1464 2094 potius
1509 2032 1696 2095 quam
1742 2033 2014 2078 suorum.
2091 2015 2429 2091 admittite,
2489 2029 2733 2094 quaes0,
2759 2013 2834 2077 11

477 2114 641 2179 hunc
684 2116 745 2179 in
803 2114 948 2180 illas
1006 2114 1219 2180 beatas
1266 2133 1340 2179 00
1384 2116 1794 2196 sempiternas
1851 2119 2089 2195 domus,
2149 2117 2406 2199 recipite
2449 2117 2516 2179 in
2561 2132 2736 2179 sacra

477 2217 715 2301 horrea,
778 2218 1014 2301 aperite
1074 2219 1375 2283 caelestes
1436 2219 1777 2301 thesauroS‚
1840 2221 1903 2284 et
1945 2220 2038 2284 ita
2083 2219 2249 2302 agite
2298 2237 2368 2284 00
2426 2218 2732 2301 peragite,

477 2320 551 2384 ut
595 2324 743 2385 dum
788 2320 951 2386 hunc
995 2322 1062 2385 in
1106 2320 1464 2386 thesaurum
1509 2324 1794 2386 uestrum
1840 2322 2126 2405 conditiS,
2191 2325 2436 2404 partem
2481 2321 2734 2384 thesau-

479 2439 688 2487 rorum
756 2424 1031 2506 ipsorum
1099 2442 1231 2489 esse
1298 2424 1560 2490 faciatis,
1636 2428 1855 2507 potens
1922 2429 2018 2490 est
2074 2426 2185 2491 illa
2243 2422 2573 2489 ineffabilis
2633 2423 2734 2488 dei

410 2546 462 2587 20
476 2528 700 2610 pietas,
746 2528 822 2590 ut
863 2528 1014 2591 dum
1059 2546 1199 2591 eum
1245 2530 1308 2591 in
1355 2530 1734 2593 consortium
1778 2528 2161 2609 spiritalium
2204 2527 2512 2592 bonorum
2545 2527 2734 2609 adop-

478 2630 649 2709 tatis,
709 2630 980 2709 diuitiae,
1041 2650 1192 2714 quas
1238 2632 1305 2695 in
1348 2633 1554 2714 ipsum
1601 2631 1938 2712 effunditiS,
2001 2652 2110 2714 per
2171 2633 2379 2714 ipsum
2428 2630 2733 2715 augeatis·

479 2735 542 2797 et
588 2752 753 2815 sane,
813 2733 864 2797 si
910 2734 1057 2815 quid
1102 2736 1164 2797 in
1210 2734 1343 2818 ipso
1391 2738 1486 2798 est
1529 2736 1721 2800 bonae
1767 2736 2015 2812 indoliS,
2077 2753 2197 2800 non
2246 2752 2507 2818 magnae
2554 2732 2732 2798 uobis

479 2835 832 2899 difficultati
888 2855 1029 2918 spes
1086 2837 1215 2900 eius
1262 2855 1334 2900 00
1377 2838 1546 2901 salus
1608 2857 1737 2904 esse
1798 2839 2079 2903 debebit:
2151 2838 2399 2903 etiamsi
2458 2836 2618 2901 nihil
2663 2855 2735 2900 ex

479 2938 654 3002 uobis
703 2939 936 3018 audiat,
986 2939 1272 3003 sufficere
1320 2941 1375 3003 ei
1420 2940 1536 3005 1100
1580 2941 1787 3023 ipsum
1833 2941 2143 3019 conuenit,
2192 2940 2354 3022 quod
2400 2958 2509 3004 uos
2539 2938 2733 3006 uidet.

411 3062 461 3101 25
477 3043 702 3105 ualete.

579 3264 614 3316 5
667 3264 1062 3318 excellentiores
1108 3280 1274 3333 super
1316 3281 1343 3318 0
1386 3265 1482 3332 lin.
1527 3279 1630 3319 scr.
1667 3266 1685 3318 i
1734 3273 1801 3319 mi
1839 3270 1872 3320 1
1908 3266 1953 3320 Ο
2156 3266 2189 3317 9
2245 3265 2422 3318 minus
2471 3265 2735 3319 Pithoeus

478 3350 598 3417 plus
643 3350 688 3405 Ο
718 3349 876 3403 unde
917 3351 1048 3416 fort.
1094 3351 1255 3405 scrib.
1293 3356 1396 3406 est:
1450 3351 1720 3419 spiritalia
1768 3352 1919 3405 uobis
1973 3352 2093 3420 plus
2130 3367 2291 3419 quam
2327 3349 2560 3403 carnalia
2599 3350 2735 3402 bona

471 3436 800 3503 praesertim
825 3451 946 3489 cum
968 3436 1066 3490 hoc
1079 3437 1405 3504 pronomini
1427 3437 1677 3505 sequenti
1701 3436 1801 3490 illa
1823 3438 1996 3506 magis
2019 3438 2312 3490 conuenire
2335 3434 2599 3489 uideatur

479 3536 578 3589 ego
635 3521 679 3575 0
726 3521 1001 3576 Baluzius
1047 3520 1129 3575 eol.
1178 3522 1311 3575 ΙΙΙ.
1367 3538 1491 3591 ergo
1547 3523 1812 3578 Halmius
1864 3523 1949 3576 nil
2001 3522 2285 3576 adnotans
2292 3542 2314 3589 ;
2370 3522 2498 3587 fort.
2556 3536 2733 3574 merus

480 3622 634 3661 error
669 3613 746 3661 est
931 3609 994 3661 11
1032 3608 1170 3662 110110
1205 3624 1246 3662 0.
1283 3623 1386 3662 scr.
1425 3625 1461 3661 u
1495 3625 1563 3664 m.
1586 3612 1624 3663 2
1668 3608 1715 3663 Ο
1882 3608 1956 3661 ‘et
1992 3610 2141 3676 (post
2178 3607 2405 3674 inlicite)
2442 3606 2735 3660 delendum

477 3693 718 3747 ‘uidetur’
762 3694 1024 3749 Halmius
1231 3694 1296 3747 12
1341 3696 1583 3748 uestrum
1631 3695 1791 3762 (conl.
1828 3711 1884 3749 u.
1925 3694 1988 3748 15
2033 3696 2208 3747 uester
2254 3708 2367 3746 esse
2408 3692 2533 3755 inc.)
2580 3692 2735 3745 Har-

477 3780 641 3834 telius
685 3780 824 3834 conl.
860 3779 1085 3834 Ennod.
1121 3780 1270 3835 Dict.
1316 3780 1475 3834 VH]
1491 3797 1554 3848 p.
1591 3784 1714 3848 448,
1749 3785 1809 3834 9:
1864 3784 2046 3834 uestra
2089 3779 2218 3835 libri
2252 3781 2304 3833 et
2337 3779 2597 3833 Halmius

482 3866 546 3918 13
589 3865 823 3934 gignite]
861 3865 1054 3934 fingite
1090 3880 1194 3920 nos
1228 3864 1525 3922 Sita-Ber.
1567 3881 1628 3933 p.
1664 3869 1740 3921 38
1784 3865 1879 3921 0οᾶ
1921 3870 2133 3921 mutato
2179 3867 2359 3920 uestra
2392 3866 2457 3918 in
2493 3868 2734 3919 uestrum

469 3951 708 4017 perbene
743 3966 799 4004 00
834 3950 996 4005 habet
1205 3951 1266 4004 17
1315 3952 1521 4020 pergite
1566 3952 1852 4019 Halmius,
1900 3950 2049 4006 unde
2082 3952 2263 4006 nescio
2470 3951 2533 4003 21
2584 3952 2731 4020 quas]

479 4037 634 4103 quasi
677 4037 722 4092 0
924 4038 994 4091 22
1039 4035 1213 4091 bonae
1247 4053 1316 4091 ex
1370 4036 1505 4106 bene
1557 4037 1603 4094 G
1653 4054 1796 4094 corr.
1832 4054 1901 4092 m.
1939 4039 1979 4093 2
2184 4037 2252 4091 23
2300 4036 2639 4091 difficultatis
2693 4038 2740 4093 Ο

480 4137 620 4176 corr.
656 4123 1056 4179 Rittershusius
1226 4123 1295 4176 24
1329 4124 1516 4178 audiat
1553 4140 1620 4179 eoe
1656 4124 1850 4179 audeat
1891 4124 1938 4179 0
1968 4139 2108 4180 corr.
2132 4139 2201 4178 m.
2226 4126 2267 4178 2
2439 4123 2504 4177 25
2542 4123 2739 4177 ualete.

479 4209 602 4261 finit
647 4209 704 4274 Ο,
759 4208 956 4264 deinde
988 4209 1236 4279 sequitwr
1271 4209 1403 4264 item
1438 4210 1546 4264 alia
