3380 4919
627 267 756 334 246
1602 266 1917 320 Saluiani

629 475 817 537 super
862 475 1001 539 spes
1046 460 1187 523 tuas
1233 477 1488 522 munera
1533 475 1648 523 sua
1690 458 1773 536 et,
1821 459 1983 540 quod
2016 460 2112 522 est
2148 456 2489 522 maximum
2523 477 2595 523 ac
2639 459 2882 524 rarissi-

564 560 821 638 4mum,
882 563 1041 625 dona
1092 560 1266 625 illius
1314 562 1504 628 etiam
1551 564 1660 626 tua
1703 562 1853 626 uota
1898 561 2204 626 uicerunt.
2282 561 2438 625 addo
2487 566 2700 626 autem
2744 563 2887 644 post

627 664 752 730 ista
797 664 1027 742 omnia,
1087 665 1250 746 quod
1305 665 1473 729 idem
1531 664 1837 743 dominuS,
1895 662 2002 747 qui
2046 666 2111 728 te
2157 663 2431 745 primum
2478 683 2729 729 munere
2773 682 2882 730 suo

626 767 866 849 genuit,
938 770 1148 848 postea
1216 767 1411 832 etiam
1476 766 1761 848 passione
1828 766 2119 844 saluauit,
2191 767 2354 847 quod
2421 771 2674 850 propter
2721 768 2800 845 te,
2849 788 2884 834 o

627 871 829 950 homo,
876 871 1108 934 terram
1153 887 1226 934 ac
1270 870 1496 948 lutum,
1545 870 1740 935 immo
1771 870 2058 952 exiguam
2106 873 2306 934 terrae
2338 887 2409 934 ac
2454 871 2577 935 luti
2619 877 2882 954 partem,
2929 893 2955 934 5

625 993 836 1039 rerum
892 970 1324 1038 uniuersarum
1384 973 1670 1038 dominus
1716 976 1917 1040 terras
1966 973 2140 1052 adiit,
2189 991 2262 1038 ex
2308 991 2493 1039 carne
2538 976 2777 1057 pariter
2823 977 2887 1041 et

626 1078 689 1143 in
747 1095 927 1142 carne
993 1079 1311 1162 processit,
1381 1079 1747 1142 humiliatus
1808 1096 2000 1159 usque
2057 1078 2135 1142 ad
2181 1077 2442 1142 humani
2488 1078 2722 1144 exordii
2767 1098 2884 1161 pu-

629 1182 837 1246 dorem
883 1184 945 1245 et
989 1198 1332 1261 pannorum
1393 1181 1703 1245 inluuiem
1748 1182 1811 1244 et
1853 1181 2160 1264 praesepii
2220 1180 2552 1258 uilitatem,
2610 1182 2883 1246 tolerans

626 1284 914 1367 indignas
960 1304 1024 1349 se
1068 1286 1239 1350 uitae
1282 1283 1483 1350 istius
1515 1286 1836 1366 passiones
1884 1283 2107 1348 edendi
2153 1280 2422 1364 bibendi,
2469 1284 2673 1350 somni
2719 1284 2884 1368 uigi-

625 1388 855 1453 liarum
915 1406 1131 1472 aegras
1192 1386 1654 1453 uicissitudines
1702 1390 1765 1452 et
1827 1389 2093 1453 caducae
2153 1386 2337 1451 istius
2400 1387 2884 1453 conuersationis
2905 1409 2956 1448 ιο

627 1490 1103 1557 contumeliosas
1168 1490 1592 1567 necessitates,
1653 1493 1854 1573 ipsam
1911 1490 2174 1572 denique
2227 1491 2552 1555 'hominum
2611 1491 2775 1556 circa
2817 1510 2883 1556 se

627 1597 1130 1660 conuersantium
1190 1593 1490 1660 faetidam
1549 1593 2121 1677 commorationem,
2190 1594 2450 1674 populos
2494 1594 2885 1676 peccatorum

629 1698 1014 1764 sordentium
1073 1698 1206 1762 luto
1265 1696 1511 1776 oblitos,
1582 1716 1829 1779 semper
1888 1699 2091 1762 malae
2145 1697 2552 1762 conscientiae
2592 1692 2885 1762 admissis

628 1819 782 1880 reos,
846 1800 1124 1881 turpium
1171 1819 1242 1864 ex
1287 1818 1352 1863 se
1396 1802 1650 1864 actuum
1713 1800 1994 1865 nidorem
2050 1799 2368 1865 exalantes
2429 1801 2492 1864 et
2548 1800 2686 1865 ideo
2746 1818 2882 1864 cae-

628 1904 886 1968 lestium
931 1906 1400 1986 praeceptorum
1447 1903 1776 1987 incapaces
1822 1922 1938 1968 nec
1984 1904 2363 1969 sustinentes
2416 1905 2573 1969 sacri
2619 1903 2883 1987 fulgoris
2904 1921 2957 1962 15

630 2008 830 2083 iubar,
892 2009 1039 2090 quia
1082 2008 1427 2090 caligantes
1473 2006 1746 2089 peccatis
1793 2009 2003 2072 oculos
2049 2006 2341 2088 splendor
2389 2008 2585 2071 diuini
2626 2006 2886 2072 luminis

517 2139 520 2142 ⁴
568 2102 948 2178 5obruebat.
1011 2129 1122 2175 nec
1164 2111 1365 2175 solum
1411 2111 1543 2190 hoc,
1591 2113 1701 2176 sed
1747 2112 1887 2192 post
1931 2112 2082 2176 haec
2120 2108 2329 2176 omnia
2360 2112 2517 2175 adde
2561 2112 2885 2192 proteruas

629 2214 1047 2297 superbientis
1112 2212 1326 2297 populi
1395 2213 1915 2279 contradictiones
1961 2214 2114 2278 adde
2160 2212 2439 2279 conuicia
2483 2214 2642 2278 adde
2690 2212 2886 2278 male·

619 2307 834 2396 dicta,
903 2319 1140 2400 inpiam
1207 2316 1687 2383 insectationem
1754 2319 2183 2383 testimonium
2211 2308 2513 2403 falsum,
2582 2316 2886 2382 iudicium

631 2422 956 2487 cruentum
986 2419 1318 2487 inrisiones
1349 2421 1583 2505 populi,
1630 2424 1816 2504 sputa
1846 2424 2122 2497 uerbera,
2171 2422 2608 2487 acerbissimas
2634 2419 2886 2504 quidem
2904 2439 2957 2480 ιο
2994 2448 2998 2453 ·

626 2544 855 2608 poenas
916 2527 1027 2590 sed
1086 2525 1496 2609 indignitates
1556 2526 1771 2609 poenis
1828 2526 2192 2605 acerbioreS,
2223 2547 2226 2552 Α
2255 2544 2545 2592 coronam
2604 2526 2884 2609 spineam

630 2631 792 2695 aceti
835 2630 1128 2711 poculum
1175 2628 1384 2695 cibum
1430 2630 1619 2709 fellis,
1665 2629 2033 2695 damnatum
2064 2629 2142 2695 ab
2175 2621 2887 2710 hominibusdominum
2929 2623 2940 2636 ‘

628 2732 1065 2796 uniuersorum
1122 2734 1491 2816 pendentem
1537 2733 1606 2797 in
1650 2735 1931 2814 patibulo
1994 2733 2252 2799 humani
2310 2734 2556 2815 generis
2617 2732 2886 2798 salutem

630 2836 815 2901 deum
861 2839 1136 2899 terrenae
1183 2836 1560 2901 condicionis
1605 2837 1744 2921 lege
1789 2837 2183 2902 morientem.

569 2940 610 3004 6
716 2938 800 3002 11.
863 2938 1036 3019 Quae
1082 2953 1224 3002 cum
1270 2938 1362 3004 ita
1406 2939 1556 3018 sint,
1619 2940 1992 3050 quicumque
2057 2940 2167 3005 ille
2214 2942 2325 3005 aut
2369 2943 2621 3005 sanctus
2667 2956 2731 3005 es
2778 2938 2957 3001 autes

633 3037 918 3106 sanctum
962 3044 1027 3106 te
1072 3057 1200 3106 esse
1245 3037 1460 3121 credis,
1505 3044 1603 3108 dic
1646 3043 1880 3123 mihi,
1889 3062 2138 3136 quaeso,
2184 3037 2491 3142 numquid
2532 3041 2691 3109 solui
2734 3042 2888 3107 haec

633 3145 762 3210 sola
826 3144 1104 3227 possunt,
1174 3143 1365 3211 etiam
1431 3144 1487 3210 si
1553 3146 1730 3211 nulla
1785 3147 1928 3213 alia
1976 3137 2364 3214 debeantur?
2440 3135 2891 3228 quicquidlibet

632 3247 799 3313 enim
861 3245 1045 3313 homo
1103 3266 1214 3330 pro
1271 3248 1385 3314 deo
1443 3249 1739 3331 perferat,
1802 3239 1963 3317 solui
2010 3245 2262 3316 οιιιιιίιιο
2307 3261 2436 3344 ιιοιι
2455 3250 2682 3333 potest
2725 3247 2890 3331 quod

631 3352 782 3472 deus
836 3370 954 3466 pro
1004 3347 1255 3460 homine
1300 3370 1624 3450 perpessus
1670 3355 1785 3431 est,
1844 3352 1990 3436 quia
2034 3354 2284 3419 etiamsi
2329 3351 2537 3478 p'assio
2583 3353 2722 3436 ipsa
2766 3369 2886 3417 non

652 3473 1030 3576 ¹letaL
1079 3504 1208 3568 add
1251 3508 1525 3571 ηι..2Δ,
1545 3522 1682 3568 om.
1732 3507 1817 3574 B;
1867 3506 2000 3572 fort.
2049 3506 2204 3563 Sala.
2248 3471 2503 3577 scripeit:
2557 3505 2751 3578 quodq
2855 3547 2860 3554 .

629 3592 664 3646 5
709 3595 855 3646 terra
902 3594 957 3646 A
1154 3573 1286 3661 post
1327 3594 1527 3646 terram
1560 3608 1605 3646 3.
1641 3593 1676 3647 1.
1712 3610 1781 3647 m.
1816 3608 1922 3648 rec.
1964 3592 2095 3648 add.
2131 3594 2366 3663 suscepit
2409 3594 2464 3647 Β
2667 3594 2702 3647 8
2743 3607 2889 3661 prae·

632 3678 765 3746 sepii
812 3678 910 3732 alt.
946 3676 966 3729 i
1004 3693 1073 3731 ex
1109 3683 1280 3746 parte
1327 3692 1462 3736 eras.
1509 3678 1565 3730 A
1619 3679 1861 3747 praesepi
1898 3695 1966 3733 ex
1999 3667 2265 3748 praesepis
2311 3694 2449 3735 corr.
2485 3696 2555 3735 m.
2594 3682 2635 3733 2
2678 3679 2761 3745 B,-
2815 3679 2888 3745 οἱ.
2929 3679 2936 3684 ’

628 3764 882 3819 Roensch
918 3763 1075 3818 Itala
1108 3764 1434 3835 u.Vu19ata
1460 3779 1523 3833 p.
1551 3767 1669 3819 ,260
1861 3766 2117 3820 tollerans
2153 3766 2210 3820 Β
2246 3771 2298 3821 et
2334 3781 2474 3821 eras.
2510 3767 2604 3821 alt.
2642 3766 2663 3819 l
2697 3767 2752 3819 A

614 3849 922 3914 -9seuitiae
955 3850 1010 3903 Β
1077 3896 1083 3900 .
1236 3850 1304 3904 13
1337 3849 1586 3910 admissis
1623 3850 2048 3912 Ritterehusiuse
2104 3851 2342 3906 admissu
2376 3852 2489 3906 AB
2498 3852 2761 3908 Halmius
2796 3851 2890 3906 ad·

629 3934 755 3988 nisu
799 3935 1115 4003 suspicatur
1160 3936 1487 4006 Hartelius3
1543 3936 1617 4003 cf.
1652 3935 1940 3992 Ind.111
1968 3953 2011 3992 3.
2046 3954 2103 3994 u.
2148 3937 2441 3996 admissum
2479 3989 2482 3996 ‚
2525 3969 2552 4000 :⁴
2653 3938 2718 3991 18
2765 3951 2889 3992 con-

628 4021 771 4076 uitia
806 4022 911 4077 Β.
1067 4023 1141 4082 21
1181 4022 1476 4080 acerbiores
1513 4039 1581 4078 ex
1614 4023 1903 4080 acerbioris
1938 4041 2079 4082 corr.
2114 4042 2182 4080 m.
2215 4028 2260 4086 3
2295 4025 2351 4080 Β
2475 4038 2490 4074 2
2553 4024 2627 4084 23
2647 4024 2889 4082 ,salutem

618 4109 776 4168 hum
794 4122 935 4177 gen.
974 4107 1056 4164 ed.
1091 4108 1367 4163 Baluzms
1573 4108 1642 4163 24
1687 4111 1951 4179 ten-aene
1965 4126 2101 4170 erae.
2137 4128 2171 4165 a
2215 4112 2272 4164 A
2459 4111 2799 4172 conditionis
2835 4110 2890 4178 Β

629 4192 953 4249 condicionis
990 4210 1061 4249 eoe
1095 4193 1419 4248 conditionis
1455 4210 1593 4250 corr.
1632 4211 1834 4251 rasura
1868 4198 1925 4250 A
