3380 4919
1039 314 1114 369 <10
1151 315 1426 385 gubern.
1461 317 1567 372 dei
1602 319 1681 373 VI
1728 323 1759 384 ς
1796 318 2014 373 14-20.
2530 321 2656 387 129

404 504 575 570 solae
621 503 1005 569 theatrorum
1048 504 1449 589 impuritates
1493 510 1660 587 sunt,
1722 527 1877 592 quae
1919 508 2176 576 honeste
2222 529 2346 576 non
2390 514 2655 594 possunt

404 609 507 673 uel
575 607 869 672 accusari.
945 609 1039 673 ita
1094 626 1261 675 noua
1316 610 1384 676 in
1444 612 1832 696 coarguenda
1896 612 2125 678 harum
2190 614 2654 696 turpitudinum
2677 616 2759 684 18

403 710 821 795 probrositate
850 729 951 776 res
983 713 1194 776 euenit
1239 715 1549 796 arguenti,
1595 718 1667 779 ut
1700 734 1841 780 cum
1874 714 2107 798 absque
2139 718 2325 783 dnbio
2356 718 2655 784 honestus

404 818 487 880 sit
533 815 639 898 qui
696 832 992 880 accusare
1039 834 1113 880 ea
1167 816 1342 894 uelit,
1401 818 1726 883 honestate
1790 822 1999 883 tamen
2050 821 2296 903 integra
2338 822 2544 904 eloqui
2590 827 2654 887 et

366 937 689 986 saccusare
730 936 851 983 non
899 918 1111 1002 possit.
1174 919 1301 985 alia
1343 938 1585 1003 quoque
1616 921 1829 988 omnia
1856 924 2026 988 mala
2056 927 2310 1006 agentes
2340 924 2655 1008 polluunt,

404 1041 523 1087 non
568 1022 856 1086 uidentes
897 1022 1002 1087 uel
1045 1024 1388 1103 audienteS,
1437 1023 1745 1106 siquidem
1792 1026 1910 1090 etsi
1957 1026 2393 1108 blasphemum
2438 1046 2656 1111 quem-

402 1127 572 1211 piam
630 1124 868 1208 audias„
937 1124 1260 1208 sacrilegio
1317 1144 1440 1191 non
1496 1126 1815 1208 pollueris,
1884 1130 2028 1210 quia
2088 1132 2295 1195 mente
2344 1131 2654 1209 dissentis,

405 1230 466 1293 et
508 1228 565 1293 si
608 1228 992 1294 interuenias
1034 1227 1385 1302 latrocinio,
1434 1247 1556 1294 non
1588 1230 1935 1312 inquinaris
1973 1234 2140 1309 actu,
2187 1234 2335 1315 quia
2364 1235 2655 1300 abhorres

403 1334 632 1398 animo.
718 1332 887 1397 solae
953 1332 1451 1413 spectaculorum
1517 1334 1918 1414 impuritates
1982 1334 2163 1417 sunt,
2236 1353 2391 1417 quae
2457 1355 2654 1402 unum
2678 1339 2759 1405 19

340 1460 387 1500 ιο
402 1435 735 1501 admodum
790 1433 1029 1500 faciant
1084 1436 1150 1498 et
1206 1438 1525 1517 agentium
1584 1440 1648 1500 et
1690 1436 2132 1518 aspicientium
2178 1439 2430 1505 crimen.
2508 1459 2655 1505 nam

403 1540 551 1604 dum
608 1539 955 1622 spectantes
1013 1537 1167 1602 haec
1223 1539 1630 1619 comprobant
1687 1557 1758 1603 ac
1812 1538 2082 1605 libenter
2134 1541 2380 1620 uident,
2440 1561 2653 1609 omnes

401 1662 475 1709 ea
536 1642 678 1708 uisu
745 1643 934 1725 atque
997 1644 1263 1708 adsensu
1328 1641 1542 1724 agunt.
1617 1641 1690 1706 ut
1745 1660 1892 1707 uere
1947 1643 2015 1707 in
2076 1661 2177 1709 eos
2236 1644 2651 1727 apostolicum

402 1747 561 1812 illud
604 1745 1004 1830 peculiariter
1046 1745 1250 1822 cadat,
1299 1744 1446 1825 quia
1489 1742 1660 1827 digni
1708 1745 1857 1809 sunt
1901 1748 2100 1811 morte
2136 1764 2261 1812 non
2292 1748 2495 1814 solum
2540 1748 2648 1830 qui

403 1850 641 1915 faciunt
686 1868 759 1915 ea
819 1848 926 1913 sed
982 1849 1176 1914 etiam
1234 1849 1340 1931 qui
1386 1848 1789 1913 consentiunt
1850 1847 2250 1915 facientibus.
2325 1851 2538 1934 itaque
2583 1852 2650 1916 in

342 1982 389 2022 ιε
403 1954 528 2019 illis
593 1951 981 2034 imaginibus
1047 1951 1533 2018 fornicationum
1605 1953 1806 2016 omnis
1872 1953 2124 2018 omnino
2196 1952 2370 2035 plebs
2441 1955 2650 2019 animo

404 2056 764 2134 fornicatur,
833 2057 899 2119 et
960 2056 1069 2137 qui
1135 2054 1296 2120 forte
1363 2054 1443 2119 ad
1506 2055 1935 2136 spectaculum
2002 2055 2142 2137 puri
2208 2057 2512 2121 uenerant
2575 2058 2652 2122 de

402 2161 644 2225 theatro
713 2158 981 2225 adulteri
1046 2157 1463 2222 reuertuntur.
1552 2176 1673 2223 non
1739 2158 1908 2222 enim
1975 2161 2125 2223 tunc
2192 2159 2650 2238 tantummodo,

402 2264 646 2346 quando
690 2263 949 2327 redeunt
991 2261 1099 2325 sed
1144 2260 1356 2341 etiam,
1404 2261 1649 2343 quando
1693 2260 1974 2338 ueniunt,
2020 2259 2441 2343 fornicantur3
2503 2280 2652 2326 nam

402 2367 519 2432 hoc
560 2368 694 2449 ipso
739 2367 902 2447 quod
946 2361 1172 2446 aliquis
1217 2381 1350 2427 rem
1395 2365 1722 2428 obscenam
1768 2363 1959 2444 cupit,
2008 2363 2156 2428 dum
2201 2365 2283 2428 ad
2327 2363 2654 2429 immunda

341 2471 709 2555 aoproperat,
753 2468 1119 2534 immundus
1165 2468 1277 2532 est.

484 2592 598 2657 IV.
665 2592 835 2672 Quae
880 2608 1023 2655 cum
1068 2587 1160 2653 ita
1216 2588 1373 2668 sint,
1433 2604 1574 2653 ecce
1631 2586 1845 2670 qualia
1890 2590 2002 2652 aut
2047 2605 2263 2651 omnes
2309 2590 2420 2653 aut
2461 2587 2762 2671 paene20

403 2714 614 2761 omnes
658 2693 927 2759 Romani
971 2695 1189 2777 agunt.
1253 2692 1320 2755 et
1362 2709 1507 2756 cum
1548 2691 1705 2755 haec
1749 2692 1841 2756 ita
1867 2690 2011 2772 sint,
2058 2691 2167 2774 qui
2220 2692 2376 2757 talia
2405 2693 2651 2775 agimus

404 2799 650 2883 neglegi
718 2815 829 2862 nos
887 2816 925 2861 a
979 2794 1310 2860 diuinitate
1376 2811 1730 2873 causamur,
1797 2793 2070 2877 relinqui
2134 2813 2246 2861 nos
2305 2814 2343 2860 a
2401 2794 2651 2860 domino

403 2906 612 2969 nostro
677 2902 940 2967 dicimus
955 2949 973 2983 ‚
1044 2917 1187 2963 cum
1251 2898 1373 2981 ipsi
1439 2897 1762 2962 dominum
1828 2897 2269 2981 relinquamus,
2341 2897 2653 2982 fingamus

338 3007 590 3084 asenim,
659 3003 821 3087 quod
885 3003 1190 3086 respicere
1254 3019 1363 3067 nos
1429 3001 1719 3066 dominus
1787 3005 1998 3066 noster
2055 3002 2213 3067 uelit
2266 3001 2460 3068 etiam
2531 3020 2653 3068 non

402 3109 745 3174 merentesz
800 3105 1121 3170 uideamus
1177 3104 1233 3170 si
1287 3105 1514 3187 potest.
1582 3122 1724 3169 ecce
1783 3103 2114 3169 innumera
2155 3104 2654 3171 Christianorum

402 3212 582 3276 milia
623 3212 687 3275 in
731 3209 1099 3294 spectaculis
1145 3208 1372 3273 cotidie
1415 3225 1624 3272 rerum
1669 3207 1955 3289 turpium
2001 3210 2484 3274 commorantur.
2544 3227 2654 3290 po-

404 3320 529 3380 test
587 3332 732 3397 ergo
793 3317 867 3380 ad
927 3313 1068 3379 illos
1129 3312 1281 3377 deus
1326 3313 1646 3395 respicere,
1708 3311 1816 3392 qui
1862 3311 2022 3377 tales
2065 3313 2257 3377 sunt?
2326 3313 2534 3393 potest
2578 3313 2655 3376 ad

606 3487 672 3539 12
723 3484 874 3537 Rom.
919 3485 966 3547 1,
1002 3483 1073 3537 32

508 3642 533 3693 1
575 3643 703 3693 sunt
738 3639 1077 3709 impuritates
1114 3638 1169 3691 Β
1359 3638 1393 3692 2
1430 3637 1487 3691 in
1520 3652 1625 3706 quo
1661 3636 1933 3707 arguenda
1969 3636 2087 3703 (sic)
2123 3637 2179 3689 A
2367 3635 2404 3689 4
2438 3634 2657 3703 integra

403 3725 577 3795 eloqui
615 3726 754 3791 (coll.
789 3726 1071 3794 superiore
1106 3724 1281 3793 eloqui
1317 3724 1467 3778 saluo
1500 3721 1719 3792 pudore)
1765 3722 2052 3777 Halmius:
2106 3722 2319 3791 integre
2357 3723 2421 3791 (ε.
2456 3736 2557 3778 scr.
2594 3722 2659 3776 in

403 3814 499 3878 fin.
538 3816 590 3878 a)
628 3811 811 3880 aloqui
849 3812 967 3880 (alt.
1004 3812 1025 3865 l
1059 3826 1099 3866 s.
1136 3815 1266 3878 scr.)
1302 3811 1358 3864 A
1409 3810 1624 3879 integra
1658 3824 1721 3863 ea
1756 3809 1904 3877 loqui
1943 3808 1998 3863 Β
2034 3810 2105 3875 (et
2136 3808 2313 3874 Ttv);
2368 3809 2434 3864 in
2469 3809 2655 3865 arche-

402 3922 533 3985 typo
565 3915 738 3982 fuisse
769 3913 999 3968 uidetur
1042 3904 1404 3984 integfeloqui
1438 3913 1592 3969 undo
1616 3913 1797 3968 uaria
1830 3913 1973 3967 uitia
2007 3914 2273 3984 om'yimm
2308 3914 2516 3969 duxere

402 4000 436 4053 6
470 4001 525 4054 et
557 3998 606 4052 si
644 3999 700 4053 Β
733 4015 873 4054 corr.
912 4015 981 4054 cx
1014 4002 1070 4053 et
1275 3999 1306 4053 7
1342 3999 1653 4070 qniamante
1687 4014 1856 4067 super
1890 4015 1922 4053 a
1956 3999 2050 4054 alt.
2087 4015 2192 4054 scr.
2227 4016 2299 4054 m.
2326 4004 2363 4054 2
2396 4015 2426 4053 e
2461 4003 2519 4053 A

403 4088 437 4141 8
472 4085 720 4142 abhorres
756 4103 825 4142 ex
861 4087 966 4143 -ris
1002 4087 1057 4140 A
1092 4103 1235 4142 corr.
1272 4102 1342 4140 m.
1365 4088 1407 4140 2
1597 4085 1666 4139 10
1701 4084 1907 4140 faciunt
1941 4086 1996 4139 Β
2193 4086 2261 4139 12
2295 4085 2427 4140 nisi*
2460 4087 2516 4139 A

403 4173 628 4227 adsensu
663 4190 829 4243 super
864 4174 897 4228 d
931 4189 1035 4229 scr.
1072 4190 1140 4228 m.
1175 4175 1217 4227 2
1253 4189 1278 4225 s
1314 4175 1369 4226 A
1578 4173 1641 4226 15
1686 4171 2017 4240 imaginibus
2064 4188 2133 4227 ecc
2166 4171 2387 4242 inimag.
2426 4174 2482 4226 A
2516 4188 2652 4227 corr.

404 4276 471 4316 m.
509 4262 549 4315 2
755 4261 822 4315 16
858 4261 1003 4329 puri*
1040 4262 1095 4313 A
1300 4259 1369 4313 28
1405 4274 1530 4329 ergo
1564 4258 1688 4313 illos
1722 4260 1779 4313 Β
1815 4274 1917 4313 om.
1953 4258 2023 4312 ad

505 4363 661 4418 VIII.
2415 4364 2449 4417 9
