3380 4919
688 294 811 359 114
1654 291 1967 346 Saluiani

684 484 871 550 haris.
933 486 996 549 et
1040 483 1358 562 miramur,
1402 482 1458 547 si
1498 501 1620 548 non
1663 482 2006 547 uincuntur
2049 498 2086 545 a
2137 480 2364 547 nostris
2410 480 2692 561 partibus
2726 478 2936 558 Gothi,

685 605 828 652 cum
894 586 1119 652 malint
1186 587 1348 670 apud
1413 585 1527 650 hos
1585 603 1717 651 esse
1775 603 1978 668 quam·
2006 584 2168 666 apud
2213 601 2325 649 nos
2369 583 2652 649 Romani.
2726 583 2938 665 itaque

684 707 807 754 nou
868 690 1075 754 solum
1142 689 1535 772 transfugere
1577 691 1657 754 ah
1702 691 1790 754 eis
1835 687 1917 753 ad
1960 705 2072 752 nos
2134 687 2358 753 fratres
2427 686 2622 752 nostri
2685 687 2938 753 omnino

581 789 664 856 38
686 792 927 869 nolunt,
971 793 1080 857 sed
1123 793 1198 857 ut
1242 791 1321 856 ad
1353 810 1468 857 ·eos
1511 790 1893 874 confugiant,
1958 808 2072 855 nos
2111 790 2493 872 relinquunt.
2563 790 2627 854 et
2681 788 2934 872 quidem

685 894 898 958 mirari
942 895 1194 977 possim,
1243 896 1408 978 quod
1451 896 1565 960 hoc
1609 914 1733 960 non
1762 912 1973 960 omnes
2003 894 2257 959 omnino
2303 893 2574 958 facerent
2617 891 2937 957 tributarii
2981 910 3007 951 5

682 1015 983 1080 pauperes
1036 1003 1101 1064 et
1164 999 1490 1082 egestuosi,
1546 998 1669 1063 nisi
1728 997 1892 1081 quod
1933 1016 2062 1063 una
2115 998 2369 1062 tantum
2413 1014 2600 1062 causa
2643 999 2757 1073 est,
2815 1014 2937 1078 qua

684 1118 809 1164 non
855 1100 1113 1178 faciunt,
1160 1100 1307 1185 quia
1334 1101 1670 1166 transferre
1701 1102 1855 1166 illuc
1880 1101 2156 1166 resculas
2186 1104 2373 1182 atque
2403 1098 2935 1166 habitatiunculas

683 1222 825 1268 suas
898 1203 1294 1288 familiasque
1357 1223 1482 1271 non
1554 1206 1835 1289 possunt.
1924 1224 2073 1271 nam
2148 1220 2290 1270 cum
2361 1204 2643 1287 plerique
2718 1221 2935 1269 eorum

683 1307 918 1388 agemus
943 1325 1023 1373 ac
1050 1310 1452 1375 tabernacula
1496 1328 1610 1374 sua
1638 1312 1944 1387 deserant,
1993 1311 2065 1373 ut
2108 1307 2242 1373 uim
2273 1308 2612 1373 exactionis
2641 1309 2933 1384 euadant,

684 1413 986 1492 quomodo
1033 1431 1154 1478 non
1197 1430 1354 1495 quae
1398 1413 1857 1494 compelluntur
1903 1412 2180 1476 deserere
2224 1410 2460 1475 uellent
2505 1409 2658 1494 [sed]
2704 1428 2934 1488 secum,
2955 1429 3006 1470 10

686 1512 742 1576 si
785 1513 1172 1594 possibilitas
1214 1518 1556 1597 pateretur,
1601 1514 1892 1580 auferre?
1962 1531 2106 1597 ergo
2153 1514 2299 1596 quia
2344 1512 2459 1579 hoc
2519 1531 2641 1578 non
2699 1513 2935 1595 ualent,

684 1617 849 1698 quod
894 1617 1053 1683 forte
1099 1619 1380 1700 mallent,
1427 1617 1668 1684 faciunt
1703 1620 1866 1701 quod
1912 1635 2110 1682 uuum
2153 1616 2385 1681 ualent.
2447 1617 2706 1682 tradunt
2747 1635 2811 1682 se
2853 1617 2934 1681 ad

684 1722 985 1784 mendum
1048 1723 1621 1805 protegendumque
1688 1721 2065 1799 maioribus,
2133 1719 2460 1788 dediticios
2527 1738 2594 1785 se
2662 1719 2935 1784 diuitum

581 1825 666 1891 39
683 1820 921 1887 faciunt
964 1824 1027 1887 et
1070 1824 1251 1906 quasi
1294 1824 1360 1888 in
1423 1827 1521 1889 ius
1562 1842 1778 1890 eorum
1836 1824 2270 1906 dicionemque
2325 1823 2747 1890 trascendunt.
2820 1840 2934 1887 nec

684 1929 899 1990 tamen
943 1944 1131 2006 graue
1174 1927 1293 1991 hoc
1323 1929 1436 1992 aut
1478 1926 1810 2010 indignum
1856 1927 2210 2003 arbitrarer,
2257 1929 2450 1991 immo
2481 1927 2685 2008 potius
2712 1926 2935 2010 gratu-
2953 1947 3003 1987 ιε»

682 2027 845 2093 larer
875 2028 1031 2094 hanc
1059 2029 1412 2110 potentium
1441 2029 1962 2113 magnitudinem,
1998 2030 2222 2112 quibus
2250 2048 2316 2095 se
2345 2048 2641 2111 pauperes
2675 2030 2933 2107 dedunt,

684 2130 738 2194 si
778 2132 1128 2213 patrocinia
1183 2133 1311 2198 ista
1366 2151 1487 2199 non
1544 2134 1906 2216 uenderent,
1967 2133 2024 2198 si
2073 2134 2249 2216 *quod
2290 2151 2359 2197 se
2403 2133 2616 2197 dicunt
2662 2132 2934 2196 humiles

683 2234 1026 2310 defensare,
1091 2236 1471 2301 humanitati
1528 2235 1879 2302 tribuerent
1932 2254 2055 2301 non
2099 2236 2446 2319 cupiditati.
2523 2236 2683 2301 illud
2741 2253 2933 2319 graue

685 2355 758 2402 ac
799 2339 1198 2421 peracerbum
1243 2343 1360 2423 est,
1405 2340 1567 2422 quod
1611 2340 1734 2405 hac
1780 2340 1915 2423 lege
1944 2341 2106 2408 tueri
2152 2358 2453 2424 pauperes
2504 2340 2815 2418 uidentur,
2861 2338 2935 2404 ut

684 2441 974 2522 spolient,
1040 2442 1156 2508 hac
1212 2444 1350 2527 lege
1411 2436 1753 2510 defendunt
1809 2444 2090 2524 miseros,
2159 2445 2235 2510 ut
2291 2445 2642 2511 miseriores
2697 2441 2935 2509 faciant
2950 2466 3004 2509 so

680 2543 1088 2611 defendendo.
1161 2564 1378 2612 omnes
1428 2548 1616 2612 ¹enim
1672 2547 1773 2627 hi,
1840 2548 1948 2631 qui
2005 2547 2257 2613 defendi
2322 2547 2646 2628 uidentur,
2715 2546 2933 2613 defen-

682 2647 925 2712 soribus
971 2651 1101 2715 suis
1147 2667 1397 2714 omnem
1438 2649 1566 2715 fere
1596 2650 2020 2717 substantiam
2063 2669 2244 2717 suam
2286 2652 2460 2734 prius
2499 2670 2684 2736 quam
2715 2649 2932 2715 defen-

685 2750 916 2814 dantur
970 2751 1286 2829 addicunt,
1341 2770 1415 2818 ac
1456 2754 1563 2836 sic,
1621 2755 1695 2817 ut
1737 2755 1943 2836 patres
1993 2753 2265 2819 habeant
2310 2753 2744 2830 defensionem,
2789 2771 2931 2835 per-

682 2852 844 2916 dunt
886 2852 1004 2918 filii
1038 2854 1474 2921 hereditatem.
1545 2856 1733 2922 tuitio
1778 2861 2109 2940 parentum
2154 2858 2556 2923 mendicitate
2602 2857 2930 2940 pignorum

576 2959 671 3026 40
688 2959 1101 3037 comparatur.
1180 2976 1320 3023 ecce
1377 2977 1533 3040 quae
1589 2963 1738 3024 sunt
1799 2961 2030 3026 auxilia
2086 2980 2158 3026 ac
2201 2961 2547 3042 patrocinia
2590 2959 2926 3025 maiorum:
2949 2985 3003 3027 ιε

787 3194 814 3247 1
850 3194 1142 3249 uincantur
1175 3197 1233 3252 Β
1434 3198 1473 3252 2
1505 3199 1602 3253 hos
1637 3215 1751 3254 esse
1782 3214 1875 3253 eos
1908 3199 2005 3254 sed
2038 3215 2126 3255 eos
2151 3206 2344 3269 punct.
2379 3217 2447 3254 m.
2486 3202 2527 3254 2
2560 3201 2641 3253 A:
2694 3213 2783 3253 eos
2817 3211 2932 3250 esse

680 3279 736 3333 Β
769 3280 934 3349 (apud
968 3295 1059 3335 eos
1095 3282 1153 3337 Β
1182 3296 1224 3337 s.
1260 3284 1321 3347 Ζ.)
1524 3300 1621 3339 nos
1675 3300 1779 3339 om.
1830 3286 1887 3339 A
2093 3286 2320 3340 Romani
2365 3286 2420 3341 A
2462 3301 2504 3340 s.
2552 3286 2573 3338 i
2618 3284 2750 3341 add.
2787 3300 2856 3338 m.
2891 3284 2932 3336 2

680 3380 740 3419 os
943 3367 978 3421 3
1030 3367 1363 3437 transfugere
1413 3386 1481 3425 eoe
1531 3370 1860 3440 transfugire
1900 3371 1955 3426 A
2000 3387 2138 3426 corr.
2180 3388 2247 3424 m.
2284 3374 2325 3425 2
2526 3371 2562 3425 4
2614 3369 2933 3439 confugiunt

679 3452 736 3505 A
940 3453 974 3508 5
1015 3453 1146 3521 fort.
1193 3470 1398 3523 possem
1624 3457 1657 3510 6
1705 3472 1865 3510 causa
1911 3459 2125 3510 tantum
2173 3457 2229 3511 Β
2450 3462 2553 3525 que
2599 3450 2715 3522 (scd
2748 3472 2788 3510 s.
2826 3471 2931 3511 scr.

679 3553 748 3591 m.
784 3540 826 3591 2
858 3540 966 3607 are)
1002 3543 1039 3592 fi
1072 3539 1283 3594 faciunt
1316 3540 1371 3595 A
1575 3541 1607 3595 7
1653 3541 1782 3611 quia
1816 3557 1886 3594 ex
1920 3556 2052 3610 quae
2087 3542 2142 3597 A
2175 3558 2313 3597 corr.
2349 3559 2417 3596 m.
2452 3545 2517 3596 2:
2576 3558 2709 3611 quae
2740 3541 2794 3596 B

678 3623 713 3675 8
747 3622 1119 3694 familiasquae
1152 3626 1249 3681 sed
1282 3642 1314 3679 a
1339 3631 1515 3696 postr.
1544 3632 1741 3695 pumat.
1775 3628 1830 3680 A
2000 3628 2034 3684 9
2068 3628 2270 3697 agellos
2305 3644 2372 3682 ea:
2410 3628 2520 3682 -lus
2556 3634 2606 3682 et
2640 3626 2930 3684 exactionis

680 3723 750 3761 σω
774 3724 895 3763 -nes
919 3712 973 3764 A
996 3705 1131 3765 corr‘.
1159 3729 1229 3768 m.
1252 3716 1285 3766 1
1471 3712 1539 3766 10
1559 3711 1652 3766 sed
1675 3712 1999 3766 inclusimus
2022 3719 2073 3767 et
2096 3713 2308 3768 auferre
2325 3730 2436 3783 pro
2459 3714 2732 3767 auferrent
2756 3713 2930 3781 scrip-

678 3792 851 3848 simus
902 3810 1023 3849 oum
1076 3795 1336 3852 Har-telio
1543 3796 1607 3850 12
1660 3796 1730 3851 ad
1782 3814 1884 3851 om.
1939 3798 1994 3850 A
2201 3798 2266 3852 14
2318 3799 2705 3853 transcendunt
2749 3797 2806 3851 B

683 3879 749 3933 16
783 3878 885 3933 hac
907 3896 948 3934 s.
971 3893 1075 3937 scr.
1099 3899 1134 3936 n
1159 3899 1227 3937 m.
1252 3886 1294 3937 2
1326 3883 1381 3938 A
1585 3883 1893 3951 potentium
1927 3889 1980 3937 et
2010 3885 2064 3937 A
2097 3883 2256 3939 habet
2278 3884 2424 3953 quod
2445 3884 2734 3940 Halmium
2753 3884 2930 3954 ἠφίει

666 3966 964 4032 'potentum
986 3967 1108 4023 edd.
1285 3968 1657 4038 magnitudine
1679 3969 1734 4021 A
1760 3970 1924 4036 (fort.
1952 3970 2051 4024 hac
2074 3972 2359 4038 potentum
2383 3971 2773 4040 magnitudine,
2793 3983 2932 4025 *oum

681 4052 987 4119 gratuhrer
1020 4052 1165 4109 idem
1182 4056 1256 4109 mr
1277 4056 1423 4123 quod
1456 4054 1740 4124 gauderem
1763 4055 1836 4121 cf.
1857 4060 1907 4119 §-
1932 4055 2019 4111 18‘
2054 4056 2336 4125 Halmius)
2509 4057 2707 4111 cedunt
2737 4058 2796 4110 A

685 4136 751 4189 18
789 4135 1120 4193 humanitati
1152 4140 1462 4194 tribuerint
1486 4154 1574 4194 ex
1616 4142 1702 4193 -te
1751 4143 1902 4195 -rent
1945 4143 2001 4195 A
2039 4157 2188 4196 corr.
2227 4158 2304 4200 m.
2329 4146 2381 4197 ·2
2423 4143 2553 4197 itm
2579 4148 2779 4212 postea
2813 4142 2932 4211 lege

681 4222 827 4276 tueri
860 4239 932 4278 ex
965 4223 1103 4293 legit
1137 4224 1251 4278 ueri
1443 4225 1511 4279 21
1550 4226 1627 4278 hii
1663 4225 1718 4280 B
1924 4225 1994 4280 22
2027 4225 2159 4280 ferre
2192 4228 2289 4281 sed
2321 4229 2418 4282 alt.
2455 4246 2483 4282 r
2509 4234 2703 4296 punct.
2739 4228 2794 4283 A
