3380 4919
617 272 742 337 302
1584 269 1906 322 Saluiani

625 461 805 543 quasi
849 458 1173 523 umbratili
1219 461 1483 541 quadam
1530 458 1871 523 adiectione
1920 461 2220 524 conantur
2278 458 2554 523 dicentes
2602 462 2878 535 cunctos,

619 562 726 645 qui
784 561 1040 625 credant
1098 560 1315 640 deum,
1381 578 1558 625 sanos
1616 563 1872 625 tantum
1927 560 2111 643 atque
2168 560 2511 626 incolumes
2569 561 2878 627 officiosos

620 663 867 730 Christo
913 683 1045 729 esse
1092 664 1333 742 debere,
1394 666 1670 727 ceterum
1726 662 1856 727 iam
1903 664 2192 728 exeuntes
2238 682 2270 727 e
2315 664 2561 729 saeculo
2608 665 2876 730 carnalis

619 766 818 850 magis
874 766 1359 851 propinquitatis
1418 784 1604 848 quam
1662 767 1860 832 diuini
1918 766 2110 830 officii
2171 773 2450 849 oportere
2495 767 2875 832 meminisse.

620 874 798 955 quasi
854 889 997 936 uero
1056 871 1335 935 homines
1380 868 1768 935 Christianos
1826 871 1980 935 alios
2027 888 2161 934 esse
2207 872 2490 952 oporteat
2533 871 2877 936 incolumes
2926 894 2952 936 5

618 976 770 1040 alios
830 977 904 1041 de
963 974 1076 1039 hoc
1133 973 1374 1038 saeculo
1433 974 1807 1051 recedente8‚
1870 976 1935 1038 et
1991 974 2144 1038 alios
2188 992 2251 1037 se
2313 975 2521 1038 cuncti
2581 974 2875 1040 exhibere

622 1076 866 1143 Christo
912 1075 1179 1141 debeant
1225 1076 1291 1140 in
1337 1076 1633 1157 sospitate
1681 1075 1837 1139 alios
1886 1077 1951 1139 in
1999 1077 2218 1154 morte,
2267 1076 2419 1140 alios
2465 1077 2529 1141 in
2566 1079 2875 1161 superiore

563 1180 754 1245 4uita
809 1181 964 1246 alios
1024 1182 1087 1244 in
1144 1180 1501 1262 posteriore.
1580 1181 1742 1261 quod
1798 1179 1852 1242 si
1911 1179 2004 1243 ita
2061 1182 2154 1242 est
2213 1197 2356 1263 ergo
2425 1181 2696 1245 alterum
2742 1184 2877 1263 quis

622 1283 950 1347 habiturus
984 1284 1081 1347 est
1113 1281 1432 1348 Christum
1463 1282 1709 1348 iuuenis
1742 1281 2010 1346 alterum
2042 1300 2242 1364 senex,
2291 1286 2353 1347 et
2388 1284 2621 1349 totiens
2655 1285 2878 1349 debent

622 1386 900 1451 homines
957 1387 1263 1451 demutari
1320 1384 1440 1449 fide
1497 1384 1778 1465 quotiens
1836 1385 2241 1448 demutantur
2300 1388 2527 1451 aetate.
2602 1387 2656 1451 si
2714 1389 2880 1451 enim
2905 1411 2957 1451 ιο

625 1507 772 1571 erga
830 1488 930 1552 dei
987 1489 1227 1554 cultum
1286 1488 1443 1552 alter
1507 1487 1823 1569 quispiam
1868 1487 2115 1552 futurus
2166 1489 2258 1553 est
2301 1488 2524 1571 uigens
2572 1490 2734 1555 alter
2778 1491 2877 1555 in-

624 1591 860 1669 firmus,
926 1593 1089 1656 alter
1145 1610 1330 1656 sanus
1386 1592 1546 1656 alter
1601 1594 1946 1674 aegrotans,
2010 1609 2153 1673 ergo
2210 1597 2393 1674 prout
2440 1594 2641 1658 status
2689 1593 2878 1658 fuerit

624 1695 883 1759 humani
945 1696 1213 1776 corporis
1268 1695 1634 1778 inaequaliS,
1694 1695 1786 1759 ita
1843 1697 1964 1760 erit
2020 1695 2262 1760 homini
2319 1697 2508 1762 etiam
2554 1697 2704 1762 deus
2749 1699 2882 1780 ipse

625 1797 967 1875 mutabiliS‚
1038 1802 1098 1861 et
1167 1798 1453 1878 quotiens
1521 1798 1715 1863 fuerit
1775 1800 1839 1863 in
1897 1800 2145 1864 homine
2202 1801 2482 1865 ualitudo
2553 1801 2881 1883 contraria,

626 1900 857 1965 totiens
917 1899 1037 1964 erit
1094 1899 1284 1963 etiam
1343 1901 1564 1982 religio
1623 1901 1905 1966 diuersa:
1963 1905 2140 1985 quasi
2199 1922 2347 1969 uero
2395 1905 2503 1985 qui
2545 1905 2884 1968 incolumes
2904 1926 2955 1967 ιε

565 2001 861 2072 5Christi
927 2021 1058 2066 esse
1126 2003 1350 2068 debent
1418 2006 1751 2070 morientes
1799 2004 2033 2070 Christi
2092 2025 2219 2071 esse
2277 2024 2400 2070 non
2459 2009 2741 2072 debeant.
2820 2010 2882 2070 et

626 2106 734 2170 ubi
764 2105 924 2168 illud
957 2107 1082 2170 est:
1133 2107 1265 2188 qui
1310 2108 1955 2189 perseuerauerit
2000 2110 2077 2173 in
2124 2109 2396 2193 finem,
2445 2109 2569 2174 hic
2614 2109 2885 2174 saluus

629 2208 825 2286 erit,
873 2211 983 2273 aut
1025 2208 1186 2274 illud
1230 2209 1296 2273 in
1340 2210 1688 2290 prouerbiis
1736 2212 1928 2277 sacris
1961 2213 2159 2277 diuini
2194 2212 2498 2276 sermonis
2530 2212 2883 2276 oraculum:

629 2312 1038 2392 sapientia
1083 2312 1159 2375 in
1206 2314 1427 2377 exitu
1476 2314 1836 2380 canitur?
1896 2333 2014 2397 quo
2062 2317 2278 2397 utique
2326 2315 2691 2393 ostenditur,
2739 2316 2887 2379 licet

630 2412 896 2480 salubris
944 2416 1027 2479 sit
1073 2416 1138 2480 in
1180 2416 1349 2480 omni
1396 2417 1599 2482 aetate
1646 2418 1975 2500 sapientia,
2034 2421 2361 2501 praecipue
2418 2422 2633 2484 tamen
2678 2435 2958 2483 omneseo

630 2516 698 2581 in
744 2519 914 2583 exitu
959 2535 1069 2583 suo
1115 2519 1337 2585 debere
1383 2540 1512 2585 esse
1559 2522 1893 2602 sapientes,
1942 2524 2088 2603 quia
2131 2523 2375 2587 laudari
2420 2524 2665 2604 penitus
2707 2540 2885 2602 prae-

629 2623 853 2686 teritae
914 2624 1135 2687 aetatis
1193 2625 1520 2705 prudentia
1576 2642 1698 2688 non
1759 2625 2121 2704 merebitur,
2180 2628 2301 2690 nisi
2348 2627 2505 2691 bono
2552 2625 2672 2690 fine
2720 2625 2888 2689 clau-

572 2728 848 2808 6datur3
906 2726 1214 2808 sapientia
1270 2728 1434 2792 enim
1494 2727 1560 2792 in
1627 2729 1795 2792 exitu
1855 2728 2118 2793 canitur.
2196 2748 2303 2793 cur
2362 2747 2495 2793 eam
2552 2747 2673 2792 non
2733 2726 2888 2790 dixit

839 2912 904 2965 17
941 2911 1138 2965 Matth.
1178 2912 1258 2975 1o,
1295 2912 1363 2965 22
1567 2914 1632 2966 19
1672 2913 1830 2969 Prou.
1870 2914 1915 2980 1,
1954 2913 2021 2966 2ο

735 3081 769 3133 2
805 3080 1023 3135 credant
1051 3082 1167 3148 (sic)
1203 3082 1258 3133 A
1295 3085 1408 3148 (p):
1457 3081 1678 3135 credunt
1715 3082 1768 3135 Β
1955 3083 1989 3136 3
2025 3083 2070 3151 e]
2106 3098 2167 3135 ae
2203 3082 2257 3135 A
2312 3098 2344 3135 a
2380 3082 2432 3135 Β
2619 3083 2652 3136 6
2688 3082 2893 3136 exibere

632 3168 688 3222 Β
861 3167 891 3219 7
930 3183 983 3219 se
1010 3171 1251 3234 (punct.)
1279 3166 1504 3220 debeant
1538 3167 1594 3221 Β
1769 3168 1834 3221 10
1869 3167 2139 3221 demutari
2166 3185 2229 3221 ex
2268 3184 2351 3221 ·re
2376 3184 2511 3222 corr.
2535 3185 2604 3222 m.
2632 3160 2756 3222 2⁹13

636 3256 702 3308 14
737 3254 987 3307 ualetudo
1026 3269 1092 3306 ex
1127 3252 1292 3305 ualit·
1330 3269 1468 3307 corr.
1506 3270 1574 3306 m.
1603 3256 1639 3307 2
1674 3254 1730 3305 A
1921 3254 1987 3306 18
2021 3252 2221 3306 diuini*
2254 3269 2391 3307 eras.
2430 3270 2455 3305 s
2491 3254 2546 3305 A
2734 3255 2800 3307 19
2835 3255 2893 3307 in

635 3342 784 3395 exitu
821 3339 1051 3408 canitur]
1089 3339 1188 3393 ‘est
1210 3340 1357 3405 falsa
1380 3340 1763 3407 interpretatio
1788 3339 2082 3393 uerborum
2106 3344 2283 3408 σοφία
2308 3341 2367 3392 ἐν
2395 3339 2609 3399 ἐξόδοις
2635 3338 2892 3408 ὑμνεῖται

638 3427 824 3495 (Vuly.
872 3426 1136 3494 sapientia
1179 3426 1312 3479 foris
1360 3425 1675 3494 praedicat)’
1730 3425 1996 3479 Halmius
2197 3425 2267 3478 23
2323 3426 2586 3493 sapientia
2607 3457 2650 3464 -—
2676 3426 2891 3479 canitur

637 3530 735 3569 om.
780 3530 856 3581 p,-
910 3512 1151 3580 sequitur
1196 3511 1399 3566 deinde
1444 3512 1509 3564 in
1548 3529 1593 3580 p
1639 3517 1693 3565 et
1740 3510 1861 3564 edd.
1901 3515 2030 3564 ante
2066 3510 2382 3564 Halmium:
2438 3509 2656 3574 sufficit,
2710 3511 2891 3579 inquit

639 3598 894 3666 pestilens
939 3596 1280 3665 praedicatio,
1329 3596 1530 3650 sufficit
1578 3595 1933 3663 praeteritum
1971 3610 2102 3663 opus
2140 3595 2359 3661 homini,
2408 3596 2572 3647 etiam
2610 3595 2655 3647 si
2691 3596 2748 3647 in
2786 3595 2893 3649 fine

637 3684 779 3737 nihil
816 3684 995 3737 faciat.
1049 3699 1149 3751 ego
1197 3683 1369 3736 multo
1405 3682 1528 3750 plus
1566 3682 1723 3747 add0,
1774 3686 1868 3734 aut
1903 3697 2011 3733 non
2046 3680 2223 3734 minus
2259 3681 2352 3745 eis,
2406 3681 2452 3733 si
2488 3684 2682 3749 potest,
2722 3685 2894 3735 morte

639 3770 834 3834 uicina,
887 3772 983 3821 aut
1038 3771 1178 3821 certe
1232 3768 1350 3835 plus
1403 3770 1576 3821 multo
1630 3783 1745 3820 esse
1789 3765 2108 3819 faciendum.
2168 3768 2419 3835 primum,
2477 3768 2604 3833 quia
2655 3768 2717 3820 de
2754 3768 2894 3820 bono

642 3870 795 3923 opere
839 3853 980 3906 nihil
1025 3854 1185 3907 nimis
1233 3858 1328 3910 est.
1393 3853 1583 3907 deinde
1628 3853 1770 3921 quod
1808 3853 1874 3906 ad
1911 3853 2155 3906 tribunal
2190 3852 2275 3905 dei
2310 3868 2533 3919 pergens
2571 3852 2744 3919 magis
2780 3854 2895 3921 pla·

641 3956 758 3993 care
803 3938 1034 3992 iudicem
1071 3939 1242 4006 debet,
1290 3941 1442 4009 quasi
1478 3941 1584 3993 iam
1623 3940 1681 3992 in
1720 3938 1917 3992 iudicio
1938 3941 2299 3992 constitutus
2358 3942 2624 4005 postremo
2674 3938 2814 4006 quod
2850 3939 2895 3991 si

643 4026 823 4093 aliqua
858 4029 984 4078 ante
1020 4027 1222 4080 exitum
1261 4026 1398 4079 bona
1435 4024 1576 4090 fecit,
1614 4026 1786 4078 multo
1822 4026 1999 4092 magis
2024 4024 2191 4077 facere
2215 4025 2322 4076 iam
2347 4023 2404 4075 in
2431 4023 2576 4075 exitu
2602 4040 2695 4076 suo
2721 4023 2895 4089 debet,

643 4128 709 4165 ne
747 4111 975 4165 deterior
1012 4111 1217 4165 scilicet
1253 4111 1612 4180 superioribus
1638 4111 1787 4164 uitae
1811 4108 2018 4163 actibus
2043 4109 2170 4161 finis
2196 4124 2308 4163 esse
2330 4108 2591 4161 uideatur.
2643 4109 2691 4161 si
2716 4112 2896 4162 autem

645 4200 770 4251 ante
808 4199 952 4262 (ante
988 4212 1085 4250 om.
1124 4197 1204 4250 ed.
1243 4198 1458 4262 Baluz.)
1497 4197 1650 4250 bonis
1696 4195 1945 4264 operibus
1992 4211 2178 4263 parum
2226 4194 2452 4258 studuit,
2504 4193 2673 4247 multo
2710 4195 2897 4262 utique
