3380 4919
1190 295 1265 349 de
1302 296 1575 363 gubern.
1614 294 1721 348 dei
1764 292 2113 358 1§15-20.
2698 294 2771 355 11

532 504 888 570 possumuS‚
949 485 1109 568 quod
1167 489 1317 551 tunc
1373 488 1484 552 deo
1546 484 1812 549 maxime
1857 503 2039 549 curae
2093 486 2268 548 erant
2328 502 2466 547 cum
2513 501 2621 563 pro
2666 481 2782 547 deo

533 589 655 654 ista
699 592 1077 670 paterentur.
1169 592 1233 652 at
1280 589 1539 654 forsitan
1585 588 1700 652 hoc
1756 588 1890 669 ipso
1936 587 2140 671 magis
2192 587 2449 667 probare
2493 589 2556 649 te
2602 584 2776 662 dicis,

532 692 693 773 quod
750 694 898 758 deus
957 692 1024 756 in
1081 692 1325 756 saeculo
1383 692 1503 756 isto
1562 692 1768 756 omnia
1825 690 2118 775 neglegat
2185 691 2247 753 et
2303 689 2514 753 futuro
2575 689 2778 752 totum

530 794 757 860 iudicio
816 798 1118 875 reseruet‚
1178 795 1323 877 quia
1370 814 1612 876 semper
1656 795 1720 858 et
1763 793 1906 858 boni
1961 792 2167 858 omnia
2212 793 2376 857 mala
2417 792 2584 873 passi
2631 798 2781 856 sunt

488 901 593 964 5et
622 901 899 965 fecerunt
933 901 1105 966 mali.
1154 919 1273 965 non
1305 901 1575 966 infidelis
1607 900 1856 982 quidem
1895 898 2140 963 uidetur
2169 895 2460 970 adserti0‚
2507 894 2778 959 maxime

531 1001 676 1084 quia
721 1003 1002 1067 futurum
1049 1003 1146 1070 dei
1193 1005 1494 1069 iudicium
1542 1003 1885 1068 confitetur.
1935 1000 2042 1066 sed
2087 1019 2196 1065 nos
2241 1000 2331 1063 ita
2376 997 2775 1062 iudicandum
2801 994 2880 1059 18

530 1105 870 1170 humanum
901 1125 1094 1188 genus
1127 1127 1163 1172 a
1193 1106 1442 1172 Christo
1474 1107 1761 1188 dicimus,
1811 1108 1880 1169 ut
1911 1106 2121 1169 tamen
2151 1103 2341 1168 etiam
2373 1119 2537 1166 nunc
2566 1102 2778 1165 omnia

530 1207 733 1285 deum,
781 1210 965 1290 prout
1011 1209 1379 1273 rationabile
1426 1212 1628 1289 putat,
1676 1226 1888 1289 regere
1922 1226 1992 1271 ac
2029 1208 2380 1288 dispensare
2429 1204 2773 1282 credamuS,

531 1313 592 1376 et
648 1311 738 1374 ita
801 1312 867 1374 in
927 1311 1137 1375 futuro
1196 1311 1616 1376 iudicaturum
1665 1309 2095 1387 adfirmamuS‚
2160 1312 2230 1372 ut
2275 1311 2488 1372 tamen
2533 1325 2778 1387 semper

461 1434 510 1472 ιο
531 1413 721 1479 etiam
770 1415 835 1478 in
891 1414 1005 1478 hoc
1049 1414 1298 1478 saeculo
1345 1414 1640 1479 iudicasse
1699 1413 2050 1477 doceamus,
2121 1411 2268 1476 dum
2324 1411 2489 1476 enim
2535 1428 2780 1491 semper

532 1515 840 1601 gubernat
871 1517 1038 1594 deuS,
1070 1535 1313 1597 semper
1345 1519 1408 1580 et
1439 1516 1699 1594 iudicat,
1732 1515 1879 1597 quia
1909 1514 2275 1596 gubernatio
2306 1515 2440 1597 ipsa
2476 1514 2780 1606 iudicium,

530 1622 643 1683 est.
685 1627 833 1700 quot
865 1620 1063 1684 modis
1098 1620 1211 1684 hoc
1242 1620 1338 1684 uis
1370 1618 1750 1701 probemus?
1780 1619 2020 1683 ratione
2052 1636 2130 1682 an
2162 1617 2453 1698 exemplis
2485 1636 2561 1680 an
2595 1617 2772 1681 testi·
2800 1615 2884 1679 19

528 1722 796 1787 moniis?
841 1725 894 1787 si
939 1724 1194 1801 ratione,
1244 1721 1383 1804 quis
1429 1724 1560 1786 tam
1605 1739 1816 1802 expers
1847 1721 2154 1786 humanae
2186 1719 2647 1802 intellegentiae
2681 1721 2778 1783 est

529 1827 593 1891 et
648 1826 830 1889 huius
889 1826 1085 1907 ipsius
1143 1827 1217 1891 de
1278 1845 1401 1907 qua
1444 1824 1761 1907 loquimur
1823 1824 2110 1890 ueritatis
2171 1825 2439 1902 alienus,
2504 1823 2606 1905 qui
2652 1840 2776 1886 non

458 1951 510 1991 15
527 1932 824 2012 agnoscat
856 1946 927 1993 ac
958 1928 1168 1994 uideat
1199 1927 1688 2011 pulcherrimum
1724 1929 1941 1992 mundi
1973 1947 2124 2010 opus
2159 1931 2222 1991 et
2253 1927 2773 1994 inaestimabilem

527 2049 933 2113 supernarum
995 2029 1498 2113 infernarumque
1560 2050 1768 2096 rerum
1832 2029 2361 2115 magnificentiam
2421 2033 2495 2097 ab
2559 2031 2775 2096 eodem

524 2134 655 2216 regi
715 2152 751 2197 a
810 2151 928 2215 quo
998 2136 1204 2198 creata
1273 2134 1375 2214 sit,
1447 2152 1752 2215 quemque
1818 2135 2268 2199 elementorum
2335 2134 2774 2200 fabricatorem

526 2235 792 2301 eundem
861 2235 1049 2298 etiam
1117 2237 1595 2318 gubernatorem
1664 2237 1828 2317 fore3
1908 2241 2010 2320 qui
2067 2241 2291 2303 cuncta
2351 2237 2588 2302 scilicet
2652 2255 2779 2318 qua

525 2339 835 2420 potestate
882 2356 954 2402 ac
985 2339 1309 2403 maiestate
1357 2341 1721 2420 condiderit,
1771 2343 1981 2405 eadem
2028 2343 2216 2405 etiam
2263 2339 2655 2420 prouidentia
2699 2356 2776 2402 ac

455 2466 506 2506 20
523 2440 768 2506 ratione
813 2440 1183 2519 moderetur,
1231 2442 1598 2524 praesertim
1645 2463 1784 2509 cum
1832 2443 2020 2508 etiam
2058 2442 2123 2507 in
2152 2443 2249 2507 his
2298 2461 2453 2523 quae
2500 2443 2778 2507 humano

526 2545 669 2609 actu
716 2543 1235 2610 administrantur
1290 2544 1448 2609 nihil
1505 2547 1752 2627 penitus
1800 2549 1930 2611 sine
1976 2548 2212 2611 ratione
2259 2546 2590 2624 consistat,
2638 2565 2774 2611 om-

526 2646 750 2729 niaque
795 2649 884 2712 ita
930 2666 966 2711 a
1010 2646 1400 2728 prouidentia
1443 2648 1945 2714 incolumitatem
1992 2651 2169 2732 quasi
2201 2668 2417 2732 corpus
2450 2649 2526 2715 ab
2562 2650 2776 2714 anima

524 2750 723 2814 uitam
783 2750 1066 2826 trahant3
1124 2748 1384 2832 ideoque
1440 2751 1506 2815 in
1553 2754 1670 2817 hoc
1716 2753 1945 2818 mundo
1991 2773 2112 2818 non
2157 2754 2354 2818 solum
2405 2754 2663 2835 imperia
2711 2756 2779 2816 et

523 2853 869 2932 prouincias
917 2872 1114 2936 neque
1159 2873 1290 2919 rem
1340 2853 1591 2920 ciuilem
1626 2874 1698 2920 ac
1727 2856 2094 2938 militarem,
2141 2857 2249 2920 sed
2297 2856 2490 2921 etiam
2529 2856 2776 2921 minora

455 2976 507 3015 25
526 2953 730 3020 officia
761 2960 823 3020 et
853 2956 1133 3038 priuatas
1181 2956 1411 3037 domos,
1459 2960 1727 3041 pecudes
1764 2961 2027 3042 denique
2059 2960 2223 3041 ipsas
2257 2963 2318 3024 et
2349 2960 2776 3024 minutissima

525 3075 801 3139 quaeque
869 3059 1351 3124 domesticarum
1420 3061 1839 3126 animantium
1894 3081 2120 3144 genera
2166 3080 2285 3127 non
2332 3064 2453 3127 nisi
2497 3062 2776 3128 humana

525 3158 906 3225 ordinatione
953 3163 1139 3243 atque
1185 3161 1443 3227 consilio
1490 3166 1668 3245 quasi
1714 3168 1981 3247 quadam
2027 3184 2215 3230 manu
2249 3166 2312 3229 et
2354 3165 2772 3249 gubernaculo

527 3261 844 3327 contineri.
936 3267 999 3329 et
1064 3266 1216 3329 haec
1283 3266 1490 3330 omnia
1556 3267 1686 3331 sine
1758 3267 1943 3332 dubio
2012 3270 2336 3333 uoluntate
2405 3287 2477 3333 ac
2541 3268 2774 3333 iudicio

524 3365 752 3429 summi
819 3366 948 3431 dei:
1019 3366 1261 3432 scilicet
1317 3373 1388 3433 ut
1447 3387 1514 3434 eo
1574 3370 1851 3451 exemplo
1918 3388 2096 3435 omne
2165 3371 2507 3436 humanum
2573 3375 2882 3455 genus2o

452 3492 504 3531 30
521 3468 861 3549 particulas
910 3488 1114 3535 rerum
1161 3473 1222 3535 et
1269 3473 1550 3538 membra
1596 3474 1859 3557 regeret,
1908 3492 2024 3556 quo
2057 3474 2187 3555 ipse
2232 3492 2543 3537 summam
2576 3474 2770 3538 totius

624 3707 650 3758 1
701 3708 928 3762 maxime
975 3709 1070 3763 deo
1110 3710 1166 3763 A
1210 3711 1304 3765 sed
1338 3711 1513 3782 siquis
1548 3714 1987 3780 transpositionis
2021 3731 2086 3768 m.
2126 3720 2156 3767 1
2195 3714 2402 3770 additis
2607 3716 2638 3769 2
2676 3716 2774 3771 hoc

520 3789 574 3843 Β
609 3791 733 3845 add.
773 3810 841 3846 m.
879 3797 919 3847 ,2
1121 3797 1156 3850 4
1203 3798 1491 3851 reseruarit
1537 3798 1591 3852 Β
1802 3799 1834 3851 9
1877 3800 2214 3855 adfirmemus
2254 3804 2388 3870 (non
2423 3803 2770 3869 affirmemus)

518 3876 572 3930 Β
756 3881 813 3933 11
855 3884 936 3935 est
970 3881 1225 3936 iudicium
1264 3883 1318 3937 Β
1504 3885 1568 3938 12
1605 3885 1749 3953 quod
1787 3892 1837 3939 et
1873 3887 1927 3939 A
1964 3894 2013 3942 et
2046 3888 2100 3942 Β
2140 3905 2207 3943 m.
2233 3895 2263 3942 1
2446 3890 2546 3945 hoc
2582 3892 2666 3945 uis
2702 3908 2775 3946 ex

516 3961 676 4017 huius
712 3966 765 4017 A
802 3982 939 4020 corr.
976 3984 1042 4021 m.
1078 3984 1185 4024 rec.
1240 3968 1398 4023 huius
1451 3969 1536 4023 uis
1594 3971 1648 4023 Β
1694 3972 1837 4037 (item
1874 3989 1931 4036 v,
1982 3973 2077 4027 sed
2112 3976 2174 4028 in
2209 3993 2304 4046 my.
2344 3975 2440 4030 hoc
2476 3978 2772 4046 adscripsit

516 4049 905 4116 Brassicanus)
1116 4054 1179 4108 21
1228 4056 1537 4123 omniaquae
1573 4059 1625 4110 A
1661 4074 1729 4111 m.
1767 4063 1798 4110 1
2001 4061 2069 4113 22
2104 4078 2135 4114 a
2171 4077 2271 4115 om.
2309 4066 2357 4116 A
2569 4066 2769 4119 incolo-

516 4134 761 4188 mitatem
788 4137 842 4189 Β
1017 4137 1084 4191 23
1109 4138 1298 4207 ideque
1324 4141 1378 4193 Β
1545 4141 1611 4194 24
1636 4142 1927 4210 prouintiis
1953 4144 2006 4195 A
2179 4149 2365 4217 neque]
2393 4151 2551 4218 atque
2575 4152 2629 4204 Β

515 4218 583 4273 26
617 4219 853 4275 humana
889 4237 931 4275 8.
967 4238 1068 4277 scr.
1105 4240 1173 4277 m.
1211 4240 1314 4280 rec.
1356 4225 1541 4281 diuina
1574 4229 1628 4279 A
1837 4229 1903 4285 29
1940 4245 2108 4297 genus
2144 4232 2438 4288 humanum
2476 4236 2531 4289 Β
