3380 4919
677 296 799 362 188
1285 344 1291 353 .
1645 293 1959 349 Saluiam

677 484 925 567 publico
993 486 1198 548 metus
1265 483 1512 566 legum,
1586 501 1661 548 ac
1725 481 1816 548 sic
1880 479 2118 562 duplici
2183 479 2490 561 praesidio
2558 480 2926 555 castimonia

674 587 995 661 niteretur,
1063 605 1205 652 cum
1262 588 1329 651 et
1386 585 1560 652 intus
1630 589 1794 651 esset
1856 583 2019 667 quod
2077 586 2394 649 amaretur
2449 586 2512 649 et
2565 584 2714 650 foris
2758 585 2925 668 quod

673 689 1023 755 timeretur.
1100 690 1270 774 leges
1327 690 1541 756 autem
1598 688 1773 772 ipsae
1832 704 2226 769 nequaquam
2284 687 2416 753 illis
2475 689 2628 753 sunt
2680 688 2923 771 legibus

554 809 561 817 ·
674 793 1144 871 consentaneae,
1191 810 1351 874 quae
1395 793 1486 856 ita
1531 794 1777 873 partem
1821 788 2251 872 improbitatis
2282 791 2621 869 remouent‚
2668 792 2743 854 ut
2784 809 2927 871 par-

674 898 805 959 tem
850 895 1248 963 obscenitatis
1293 893 1657 973 admittant,
1706 895 1819 960 aut
1862 897 1935 957 ut
1980 892 2260 958 Romana
2301 893 2414 959 illa
2459 894 2723 972 decreta,
2770 911 2927 975 quae
2969 913 2996 954 5

673 1001 1043 1062 scortatores
1088 998 1338 1081 quidem
1384 998 1462 1062 ab
1509 997 1732 1062 alienis
1778 996 2070 1061 uxoribus
2116 999 2534 1072 remouerunt‚
2585 994 2664 1060 ad
2711 1012 2925 1060 omnes

673 1103 886 1164 autem
930 1100 1245 1166 solitarias
1289 1102 1525 1185 passim
1569 1100 1973 1178 admiserunt,
2035 1099 2344 1164 adulteria
2386 1100 2696 1177 uetantes‚
2744 1099 2925 1181 lupa-

673 1202 850 1267 naria
896 1202 1312 1270 aedificantes.
1372 1203 1724 1269 timuerunt
1765 1201 2061 1267 uidelicet
2106 1221 2185 1267 ne
2231 1203 2420 1267 nimis
2453 1201 2611 1267 casti
2641 1201 2923 1267 homines

671 1323 745 1370 ac
786 1305 928 1387 puri
973 1307 1202 1385 essent,
1251 1307 1305 1371 si
1350 1307 1427 1372 ab
1458 1307 1629 1375 omni
1660 1324 1766 1377 eos
1811 1305 2063 1388 penitus
2092 1305 2458 1387 impuritate
2502 1303 2922 1386 prohiberent.

530 1403 656 1470 100
674 1411 741 1473 at
806 1427 930 1473 non
995 1410 1089 1473 ita
1155 1409 1284 1488 isti,
1357 1410 1432 1476 de
1498 1409 1725 1491 quibus
1782 1409 2127 1491 loquimur:
2205 1409 2312 1491 qui
2369 1407 2460 1472 sic
2522 1406 2926 1473 inhibuerunt
2943 1428 2994 1468 ιο

673 1511 876 1578 scorta
921 1515 993 1575 ut
1038 1511 1364 1594 adulteria,
1406 1512 1520 1594 qui
1564 1515 1626 1578 et
1670 1512 1935 1577 feminas
1973 1510 2172 1583 ,nullis
2217 1512 2435 1576 uolunt
2480 1528 2613 1575 esse
2658 1510 2923 1575 feminas

670 1615 794 1680 nisi
838 1615 1083 1680 maritis
1127 1615 1278 1695 suiS‚
1333 1618 1395 1681 et
1439 1615 1609 1683 uiros
1653 1616 1848 1681 nullis
1892 1615 2115 1680 uolunt
2157 1614 2525 1683 mulieribus
2570 1632 2707 1679 esse
2752 1631 2921 1678 mas-

669 1719 842 1783 culos
896 1719 1016 1783 nisi
1069 1720 1360 1785 uxoribus
1421 1719 1572 1796 anie,
1620 1719 1728 1800 qui
1774 1720 2027 1802 euagari
2074 1720 2365 1784 obscenas
2410 1717 2701 1783 libidines
2748 1718 2922 1780 extra

668 1821 1024 1904 legitimum
1089 1824 1295 1886 torum
1356 1840 1480 1886 non
1535 1822 1768 1899 sinunt,
1839 1821 2008 1905 leges
2063 1839 2206 1887 suas
2264 1820 2504 1886 scilicet
2549 1820 2630 1885 ad
2674 1816 2923 1884 diuinae

667 1922 824 2006 legis
892 1922 1173 2006 regulam
1240 1924 1598 2007 dirigentes,
1668 1925 1743 1988 ut
1800 1923 1956 1989 nihil
1988 1949 1991 1952 ⁴
2021 1923 2140 1989 sibi
2198 1925 2264 1989 in
2326 1923 2444 1988 hac
2487 1942 2554 1987 re
2600 1921 2918 1988 crederent
2940 1948 2989 1988 ιε

668 2026 872 2106 licere,
942 2030 1101 2110 quod
1167 2031 1313 2092 deus
1380 2026 1581 2092 uoluit
1626 2043 1747 2091 non
1805 2025 2014 2091 licere.
2083 2030 2147 2090 et
2190 2025 2330 2091 ideo
2376 2043 2497 2089 non
2543 2024 2922 2106 putauerunt

665 2150 704 2196 a
747 2149 812 2195 se
856 2131 973 2195 ulli
1032 2131 1270 2197 homini
1324 2131 1834 2214 permit-tendum,
1892 2129 2014 2195 nisi
2077 2129 2240 2212 quod
2286 2129 2506 2193 fuisset
2549 2128 2838 2192 omnibus
2884 2146 2921 2192 a

668 2233 1006 2299 diuinitate
1049 2236 1442 2315 permissum.

526 2364 644 2431 101
750 2371 988 2436 XXIII.
1057 2371 1193 2435 Scio
1236 2358 1388 2453 quia
1428 2370 1851 2461 intolerabilia
1881 2369 2254 2452 quibusdam
2286 2370 2578 2434 uidentur
2606 2369 2731 2436 ista
2759 2388 2916 2452 quae

668 2476 975 2541 dicimus:
1021 2477 1128 2542 sed
1173 2476 1413 2542 ratione
1457 2494 1668 2539 rerum
1713 2475 2019 2557 agendum
2068 2477 2181 2551 est,
2228 2491 2349 2537 non
2386 2473 2646 2540 libidine
2691 2473 2988 2539 uolun-no

663 2580 890 2645 tatum.
950 2578 1126 2644 ‘dicat
1177 2577 1339 2642 mihi
1396 2577 1677 2660 quisquis
1734 2577 1843 2641 ille
1904 2577 2016 2655 est,
2077 2577 2184 2658 qui
2242 2576 2606 2659 indignatur
2648 2594 2750 2640 me
2791 2576 2919 2640 ista

665 2681 896 2747 dicere:
953 2682 1256 2763 numquid
1314 2699 1435 2747 non
1480 2679 1978 2765 sapientissimus
2026 2678 2309 2744 omnium
2355 2678 2631 2744 Socrates
2675 2697 2917 2759 semper

666 2784 1060 2849 existimatus
1118 2785 1232 2861 est,
1301 2784 1661 2848 testimonio
1730 2783 1973 2848 scilicet
2041 2781 2231 2847 etiam
2291 2781 2510 2847 Delfici
2577 2782 2915 2860 daemoniS‚

666 2887 774 2970 qui
841 2889 1016 2969 quasi
1082 2888 1363 2969 princeps
1431 2886 1937 2969 philosophorum
1995 2887 2158 2952 sicut
2216 2886 2678 2953 daemoniorum
2737 2885 2917 2950 erat?

667 2989 992 3055 uideamus
1054 3006 1200 3071 ergo
1257 3006 1410 3072 quas
1469 2987 1750 3054 Socrates
1796 2991 1871 3054 de
1930 2988 2236 3071 pudicitia
2299 2990 2470 3070 leges
2538 2989 2808 3053 sanxerit
2852 2990 2915 3053 et
2934 3012 2986 3055 εις

768 3279 803 3330 2
845 3277 1128 3346 niteretur]
1179 3276 1493 3331 uisitaretur
1539 3277 1595 3331 Β
1798 3277 1833 3331 3
1878 3277 2095 3332 illisunt
2133 3293 2176 3332 s.
2210 3295 2313 3334 scr.
2350 3280 2447 3334 alt.
2484 3296 2509 3333 s
2545 3295 2612 3332 m.
2649 3282 2689 3333 2
2723 3278 2779 3332 A

661 3365 698 3420 5
732 3365 995 3419 amittant
1028 3364 1084 3418 Β
1257 3363 1288 3416 7
1323 3362 1594 3432 lupinaria
1627 3378 1796 3433 super
1830 3364 1889 3431 pi
1921 3380 2026 3419 scr.
2063 3379 2095 3417 a
2127 3380 2196 3418 m.
2222 3367 2263 3418 2
2296 3365 2352 3421 A
2455 3420 2464 3431 ,
2533 3365 2599 3419 10
2632 3364 2701 3419 ad
2734 3380 2778 3419 s.
2813 3380 2915 3419 scr.

656 3452 692 3504 t
723 3468 792 3506 m.
830 3453 871 3506 2
906 3450 963 3504 A
1168 3449 1250 3503 ita
1294 3448 1409 3518 isti]
1461 3448 1524 3504 de
1559 3450 1726 3504 tertia
1758 3449 2079 3516 confusione
2112 3450 2178 3505 in
2214 3466 2248 3504 v
2283 3456 2336 3504 et
2371 3451 2451 3505 ed.
2481 3466 2576 3519 pr.
2612 3452 2740 3505 hinc
2770 3451 2912 3505 inci-

653 3538 844 3606 piente
879 3536 950 3603 cf.
988 3535 1284 3591 Sita-Ber.
1312 3551 1374 3604 p.
1412 3537 1494 3589 22
1703 3534 1767 3589 12
1804 3537 1859 3589 et
1892 3536 2373 3589 uiros—uxoribus
2408 3536 2523 3591 suis
2555 3537 2611 3591 A
2644 3538 2708 3593 in
2742 3551 2914 3607 mara.

660 3622 931 3689 inferiore
965 3622 1121 3675 habet
1159 3638 1229 3675 m.
1255 3624 1292 3676 2
1318 3619 1412 3675 uel
1435 3624 1469 3674 1
1505 3624 1624 3686 (om.
1662 3621 1828 3674 etiam
1864 3620 1931 3685 T)
2115 3621 2456 3676 muliecribus
2491 3624 2547 3678 A
2737 3622 2803 3678 14
2838 3623 2912 3677 le·

661 3709 943 3776 gittimum
978 3705 1197 3760 thorum
1234 3706 1290 3761 R
1499 3706 1564 3760 15
1601 3707 1737 3774 legis
1774 3722 1843 3760 ex
1875 3706 2019 3775 leges
2055 3707 2109 3759 A
2144 3722 2283 3763 corr.
2318 3723 2387 3762 m.
2423 3710 2464 3761 2
2668 3708 2795 3778 sibi]
2834 3708 2912 3763 ibi

652 3792 717 3848 A
924 3791 990 3845 16
1044 3790 1203 3846 licere
1249 3794 1398 3860 (post
1438 3795 1566 3859 non)
1615 3807 1716 3851 om.
1754 3791 1809 3844 Β
1844 3808 1913 3845 m.
1950 3796 1982 3845 1
2201 3794 2266 3847 17
2315 3793 2403 3847 illi
2444 3808 2611 3862 super
2655 3795 2676 3848 i
2712 3795 2910 3862 priore

658 3894 764 3932 scr.
801 3894 837 3931 u
871 3894 939 3931 m.
976 3881 1012 3932 2
1047 3880 1103 3932 A
1305 3879 1375 3931 20
1409 3879 1756 3934 uoluntatum
1792 3878 2080 3934 Halmius:
2128 3880 2470 3948 uoluptatum
2506 3881 2577 3946 Α,
2628 3880 2751 3936 uolo
2786 3882 2915 3936 tan·

661 3966 779 4017 tum
816 3961 873 4017 Β
1044 3964 1106 4017 21
1145 3963 1228 4018 ita
1260 3979 1303 4018 8.
1337 3979 1441 4020 scr.
1479 3980 1504 4017 s
1537 3980 1606 4017 m.
1631 3966 1672 4019 2
1706 3965 1760 4017 A
1938 3964 2006 4018 22
2040 3964 2239 4029 dicere;
2272 3964 2533 4034 numquid
2567 3980 2696 4019 non.
2718 4003 2731 4016 .
2753 3967 2912 4020 .erat.

657 4049 1008 4117 interpumoeit
1041 4065 1164 4105 cum
1198 4049 1322 4105 edd.
1358 4050 1621 4105 Halmius
1815 4067 2000 4105 numu
2034 4068 2140 4106 non
2174 4068 2282 4122 sap.
2322 4052 2378 4106 Β
2567 4052 2809 4106 Socrates
2844 4068 2913 4106 ex

659 4134 894 4190 Socratis
946 4135 1000 4187 A
1054 4151 1191 4191 corr.
1244 4152 1313 4190 m.
1347 4138 1388 4189 2
1437 4136 1524 4191 hic
1576 4142 1628 4191 et
1679 4137 1866 4191 statim
1917 4138 2001 4192 bis
2228 4138 2296 4192 23
2348 4138 2513 4192 etiam
2564 4152 2665 4193 om.
2719 4138 2775 4192 Β

657 4221 725 4275 25
761 4221 1027 4276 sancxerit
1059 4221 1116 4275 A

356 4481 923 4680 (N
