<?xml version="1.0" encoding="UTF-8"?>
<!DOCTYPE html PUBLIC "-//W3C//DTD XHTML 1.0 Transitional//EN"
    "http://www.w3.org/TR/xhtml1/DTD/xhtml1-transitional.dtd">
<html xmlns="http://www.w3.org/1999/xhtml" xml:lang="en" lang="en">
 <head>
  <title>
</title>
<meta http-equiv="Content-Type" content="text/html;charset=utf-8" />
  <meta name='ocr-system' content='tesseract 3.04.00' />
  <meta name='ocr-capabilities' content='ocr_page ocr_carea ocr_par ocr_line ocrx_word'/>
</head>
<body>
  <div class='ocr_page' id='page_1' title='image "./operaomnia07paulgoog_0025.png"; bbox 0 0 3380 4919; ppageno 0'>
   <div class='ocr_carea' id='block_1_1' title="bbox 1163 403 2716 476">
    <p class='ocr_par' dir='ltr' id='par_1_1' title="bbox 1163 403 2716 476">
     <span class='ocr_line' id='line_1_1' title="bbox 1163 403 2716 476; baseline 0.003 -19"><span class='ocrx_word' id='word_1_1' title='bbox 1163 403 1236 457; x_wconf 92' lang='lat' dir='ltr'>de</span> <span class='ocrx_word' id='word_1_2' title='bbox 1273 403 1544 472; x_wconf 81' lang='lat' dir='ltr'><strong>gubern.</strong></span> <span class='ocrx_word' id='word_1_3' title='bbox 1582 404 1683 458; x_wconf 90' lang='lat' dir='ltr'>dei</span> <span class='ocrx_word' id='word_1_4' title='bbox 1731 404 1760 458; x_wconf 94' lang='lat'>1</span> <span class='ocrx_word' id='word_1_5' title='bbox 1798 409 1827 470; x_wconf 65' lang='grc' dir='ltr'><strong>ς</strong></span> <span class='ocrx_word' id='word_1_6' title='bbox 1868 406 2020 460; x_wconf 89' lang='grc'><strong>3-6.</strong></span> <span class='ocrx_word' id='word_1_7' title='bbox 2672 409 2716 476; x_wconf 86' lang='lat'>5</span> 
     </span>
    </p>
   </div>
   <div class='ocr_carea' id='block_1_2' title="bbox 387 590 2774 3147">
    <p class='ocr_par' dir='ltr' id='par_1_2' title="bbox 460 590 2711 987">
     <span class='ocr_line' id='line_1_2' title="bbox 460 590 2711 675; baseline 0.002 -20"><span class='ocrx_word' id='word_1_8' title='bbox 460 593 657 656; x_wconf 86' lang='lat' dir='ltr'>etiam</span> <span class='ocrx_word' id='word_1_9' title='bbox 715 590 1034 673; x_wconf 82' lang='lat' dir='ltr'>religionis</span> <span class='ocrx_word' id='word_1_10' title='bbox 1098 595 1375 674; x_wconf 84' lang='lat' dir='ltr'>expertes</span> <span class='ocrx_word' id='word_1_11' title='bbox 1411 593 1481 657; x_wconf 84' lang='lat' dir='ltr'>ui</span> <span class='ocrx_word' id='word_1_12' title='bbox 1524 593 1660 675; x_wconf 88' lang='lat' dir='ltr'>ipsa</span> <span class='ocrx_word' id='word_1_13' title='bbox 1706 595 1768 657; x_wconf 92' lang='lat' dir='ltr'>et</span> <span class='ocrx_word' id='word_1_14' title='bbox 1812 595 2081 675; x_wconf 80' lang='lat' dir='ltr'>quadam</span> <span class='ocrx_word' id='word_1_15' title='bbox 2124 594 2494 660; x_wconf 82' lang='lat' dir='ltr'>necessitate</span> <span class='ocrx_word' id='word_1_16' title='bbox 2542 612 2711 660; x_wconf 82' lang='lat' dir='ltr'>com·-</span> 
     </span>
     <span class='ocr_line' id='line_1_3' title="bbox 466 694 2710 782; baseline 0.002 -23"><span class='ocrx_word' id='word_1_17' title='bbox 466 694 631 779; x_wconf 88' lang='lat' dir='ltr'>pulsi</span> <span class='ocrx_word' id='word_1_18' title='bbox 679 694 742 758; x_wconf 93' lang='lat' dir='ltr'>et</span> <span class='ocrx_word' id='word_1_19' title='bbox 786 694 1006 760; x_wconf 90' lang='lat' dir='ltr'>sentiri</span> <span class='ocrx_word' id='word_1_20' title='bbox 1052 695 1262 761; x_wconf 87' lang='lat' dir='ltr'>omnia</span> <span class='ocrx_word' id='word_1_21' title='bbox 1306 713 1342 759; x_wconf 91' lang='lat' dir='ltr'>a</span> <span class='ocrx_word' id='word_1_22' title='bbox 1386 697 1501 760; x_wconf 92' lang='lat' dir='ltr'>deo</span> <span class='ocrx_word' id='word_1_23' title='bbox 1549 699 1611 760; x_wconf 85' lang='lat' dir='ltr'>et</span> <span class='ocrx_word' id='word_1_24' title='bbox 1653 698 1891 762; x_wconf 82' lang='lat' dir='ltr'>moueri</span> <span class='ocrx_word' id='word_1_25' title='bbox 1932 697 1998 762; x_wconf 82' lang='lat' dir='ltr'>et</span> <span class='ocrx_word' id='word_1_26' title='bbox 2039 700 2173 782; x_wconf 85' lang='lat' dir='ltr'>regi</span> <span class='ocrx_word' id='word_1_27' title='bbox 2217 696 2504 776; x_wconf 70' lang='lat' dir='ltr'>dixerint,</span> <span class='ocrx_word' id='word_1_28' title='bbox 2552 717 2710 780; x_wconf 93' lang='lat' dir='ltr'>quo-</span> 
     </span>
     <span class='ocr_line' id='line_1_4' title="bbox 465 796 2709 885; baseline 0.004 -23"><span class='ocrx_word' id='word_1_29' title='bbox 465 796 648 862; x_wconf 92' lang='lat' dir='ltr'>modo</span> <span class='ocrx_word' id='word_1_30' title='bbox 708 815 870 861; x_wconf 86' lang='lat' dir='ltr'>nunc</span> <span class='ocrx_word' id='word_1_31' title='bbox 930 815 1072 862; x_wconf 91' lang='lat' dir='ltr'>eum</span> <span class='ocrx_word' id='word_1_32' title='bbox 1130 798 1514 864; x_wconf 73' lang='lat' dir='ltr'>incuriosum</span> <span class='ocrx_word' id='word_1_33' title='bbox 1562 800 1822 881; x_wconf 78' lang='lat' dir='ltr'>quidam</span> <span class='ocrx_word' id='word_1_34' title='bbox 1865 816 1940 865; x_wconf 78' lang='lat' dir='ltr'>ao</span> <span class='ocrx_word' id='word_1_35' title='bbox 1983 800 2418 885; x_wconf 77' lang='lat' dir='ltr'>neglegentem</span> <span class='ocrx_word' id='word_1_36' title='bbox 2462 804 2709 884; x_wconf 77' lang='lat' dir='ltr'>putant.</span> 
     </span>
     <span class='ocr_line' id='line_1_5' title="bbox 468 901 2706 987; baseline 0.003 -24"><span class='ocrx_word' id='word_1_37' title='bbox 468 901 576 982; x_wconf 92' lang='lat' dir='ltr'>qui</span> <span class='ocrx_word' id='word_1_38' title='bbox 620 903 681 964; x_wconf 83' lang='lat' dir='ltr'>et</span> <span class='ocrx_word' id='word_1_39' title='bbox 727 901 956 964; x_wconf 84' lang='lat' dir='ltr'>sentiat</span> <span class='ocrx_word' id='word_1_40' title='bbox 1016 901 1224 966; x_wconf 82' lang='lat' dir='ltr'>omnia</span> <span class='ocrx_word' id='word_1_41' title='bbox 1280 920 1388 984; x_wconf 85' lang='lat' dir='ltr'>per</span> <span class='ocrx_word' id='word_1_42' title='bbox 1444 901 1859 967; x_wconf 67' lang='lat' dir='ltr'><strong>subtilitatem</strong></span> <span class='ocrx_word' id='word_1_43' title='bbox 1906 906 1982 966; x_wconf 74' lang='lat' dir='ltr'>et</span> <span class='ocrx_word' id='word_1_44' title='bbox 2009 907 2256 970; x_wconf 88' lang='lat' dir='ltr'>moueat</span> <span class='ocrx_word' id='word_1_45' title='bbox 2300 922 2412 987; x_wconf 84' lang='lat' dir='ltr'>per</span> <span class='ocrx_word' id='word_1_46' title='bbox 2455 904 2706 970; x_wconf 81' lang='lat' dir='ltr'>fortitu-</span> 
     </span>
    </p>

    <p class='ocr_par' dir='ltr' id='par_1_3' title="bbox 414 1004 2711 1500">
     <span class='ocr_line' id='line_1_6' title="bbox 414 1004 2710 1091; baseline 0.002 -22"><span class='ocrx_word' id='word_1_47' title='bbox 414 1004 675 1069; x_wconf 65' lang='lat' dir='ltr'>sdinem</span> <span class='ocrx_word' id='word_1_48' title='bbox 721 1005 784 1068; x_wconf 93' lang='lat' dir='ltr'>et</span> <span class='ocrx_word' id='word_1_49' title='bbox 826 1006 1007 1086; x_wconf 86' lang='lat' dir='ltr'>regat</span> <span class='ocrx_word' id='word_1_50' title='bbox 1051 1023 1158 1086; x_wconf 86' lang='lat' dir='ltr'>per</span> <span class='ocrx_word' id='word_1_51' title='bbox 1201 1006 1578 1086; x_wconf 76' lang='lat' dir='ltr'>potestatem</span> <span class='ocrx_word' id='word_1_52' title='bbox 1610 1006 1674 1069; x_wconf 79' lang='lat' dir='ltr'>et</span> <span class='ocrx_word' id='word_1_53' title='bbox 1719 1005 2027 1071; x_wconf 84' lang='lat' dir='ltr'>custodiat</span> <span class='ocrx_word' id='word_1_54' title='bbox 2071 1023 2177 1088; x_wconf 88' lang='lat' dir='ltr'>per</span> <span class='ocrx_word' id='word_1_55' title='bbox 2207 1007 2710 1091; x_wconf 66' lang='lat' dir='ltr'>benignitatem?</span> 
     </span>
     <span class='ocr_line' id='line_1_7' title="bbox 469 1106 2710 1193; baseline 0.003 -23"><span class='ocrx_word' id='word_1_56' title='bbox 469 1106 626 1185; x_wconf 84' lang='lat' dir='ltr'>dixi,</span> <span class='ocrx_word' id='word_1_57' title='bbox 693 1106 843 1188; x_wconf 89' lang='lat' dir='ltr'>quid</span> <span class='ocrx_word' id='word_1_58' title='bbox 889 1107 964 1171; x_wconf 88' lang='lat' dir='ltr'>de</span> <span class='ocrx_word' id='word_1_59' title='bbox 1009 1107 1338 1172; x_wconf 85' lang='lat' dir='ltr'>maiestate</span> <span class='ocrx_word' id='word_1_60' title='bbox 1383 1125 1454 1172; x_wconf 85' lang='lat' dir='ltr'>ac</span> <span class='ocrx_word' id='word_1_61' title='bbox 1497 1108 1914 1174; x_wconf 75' lang='lat' dir='ltr'>moderamine</span> <span class='ocrx_word' id='word_1_62' title='bbox 1971 1110 2203 1175; x_wconf 87' lang='lat' dir='ltr'>summi</span> <span class='ocrx_word' id='word_1_63' title='bbox 2260 1110 2360 1175; x_wconf 91' lang='lat' dir='ltr'>dei</span> <span class='ocrx_word' id='word_1_64' title='bbox 2406 1112 2710 1193; x_wconf 70' lang='lat' dir='ltr'>principes</span> 
     </span>
     <span class='ocr_line' id='line_1_8' title="bbox 467 1209 2711 1294; baseline 0.002 -21"><span class='ocrx_word' id='word_1_65' title='bbox 467 1212 533 1274; x_wconf 90' lang='lat' dir='ltr'>et</span> <span class='ocrx_word' id='word_1_66' title='bbox 591 1209 1011 1292; x_wconf 83' lang='lat' dir='ltr'>philosophiae</span> <span class='ocrx_word' id='word_1_67' title='bbox 1073 1212 1262 1275; x_wconf 87' lang='lat' dir='ltr'>simul</span> <span class='ocrx_word' id='word_1_68' title='bbox 1319 1214 1380 1275; x_wconf 90' lang='lat' dir='ltr'>et</span> <span class='ocrx_word' id='word_1_69' title='bbox 1426 1211 1812 1294; x_wconf 67' lang='lat' dir='ltr'>eloquentiae</span> <span class='ocrx_word' id='word_1_70' title='bbox 1881 1212 2230 1278; x_wconf 65' lang='lat' dir='ltr'>iudicati-int.</span> <span class='ocrx_word' id='word_1_71' title='bbox 2283 1214 2443 1279; x_wconf 44' lang='lat' dir='ltr'>*ideo</span> <span class='ocrx_word' id='word_1_72' title='bbox 2497 1219 2711 1279; x_wconf 79' lang='lat' dir='ltr'>autem</span> 
     </span>
     <span class='ocr_line' id='line_1_9' title="bbox 468 1312 2709 1401; baseline 0.003 -24"><span class='ocrx_word' id='word_1_73' title='bbox 468 1313 886 1378; x_wconf 81' lang='lat' dir='ltr'>nobilissimos</span> <span class='ocrx_word' id='word_1_74' title='bbox 932 1312 1261 1396; x_wconf 72' lang='lat' dir='ltr'>utriusque&gt;</span> <span class='ocrx_word' id='word_1_75' title='bbox 1276 1315 1836 1381; x_wconf 80' lang='lat' dir='ltr'>excellentissimae</span> <span class='ocrx_word' id='word_1_76' title='bbox 1883 1318 2037 1380; x_wconf 88' lang='lat' dir='ltr'>artis</span> <span class='ocrx_word' id='word_1_77' title='bbox 2084 1317 2412 1401; x_wconf 84' lang='lat' dir='ltr'>magistros</span> <span class='ocrx_word' id='word_1_78' title='bbox 2456 1318 2709 1400; x_wconf 84' lang='lat' dir='ltr'>protuli,</span> 
     </span>
     <span class='ocr_line' id='line_1_10' title="bbox 468 1416 2711 1500; baseline 0.002 -18"><span class='ocrx_word' id='word_1_79' title='bbox 468 1435 587 1500; x_wconf 86' lang='lat' dir='ltr'>quo</span> <span class='ocrx_word' id='word_1_80' title='bbox 654 1416 899 1482; x_wconf 74' lang='lat' dir='ltr'>facilius</span> <span class='ocrx_word' id='word_1_81' title='bbox 968 1417 1065 1481; x_wconf 86' lang='lat' dir='ltr'>uel</span> <span class='ocrx_word' id='word_1_82' title='bbox 1133 1435 1344 1482; x_wconf 79' lang='lat' dir='ltr'>omnes</span> <span class='ocrx_word' id='word_1_83' title='bbox 1413 1419 1566 1483; x_wconf 89' lang='lat' dir='ltr'>alios</span> <span class='ocrx_word' id='word_1_84' title='bbox 1632 1417 1801 1483; x_wconf 87' lang='lat' dir='ltr'>idem</span> <span class='ocrx_word' id='word_1_85' title='bbox 1868 1419 2135 1484; x_wconf 74' lang='lat' dir='ltr'>sensisse</span> <span class='ocrx_word' id='word_1_86' title='bbox 2191 1421 2294 1485; x_wconf 88' lang='lat' dir='ltr'>uel</span> <span class='ocrx_word' id='word_1_87' title='bbox 2352 1424 2520 1485; x_wconf 83' lang='lat' dir='ltr'>certe</span> <span class='ocrx_word' id='word_1_88' title='bbox 2577 1421 2711 1486; x_wconf 82' lang='lat' dir='ltr'>sine</span> 
     </span>
    </p>

    <p class='ocr_par' dir='ltr' id='par_1_4' title="bbox 396 1520 2713 2019">
     <span class='ocr_line' id='line_1_11' title="bbox 396 1520 2712 1602; baseline 0.003 -19"><span class='ocrx_word' id='word_1_89' title='bbox 396 1543 450 1583; x_wconf 76' lang='grc' dir='ltr'>ιο</span> <span class='ocrx_word' id='word_1_90' title='bbox 467 1520 839 1586; x_wconf 70' lang='lat' dir='ltr'>auctoritate</span> <span class='ocrx_word' id='word_1_91' title='bbox 905 1521 1114 1602; x_wconf 79' lang='lat' dir='ltr'>aliqua</span> <span class='ocrx_word' id='word_1_92' title='bbox 1170 1521 1536 1586; x_wconf 72' lang='lat' dir='ltr'>dissensisse</span> <span class='ocrx_word' id='word_1_93' title='bbox 1598 1525 2033 1588; x_wconf 70' lang='lat' dir='ltr'>monstrarem.</span> <span class='ocrx_word' id='word_1_94' title='bbox 2109 1525 2175 1589; x_wconf 88' lang='lat' dir='ltr'>et</span> <span class='ocrx_word' id='word_1_95' title='bbox 2230 1540 2376 1590; x_wconf 84' lang='lat' dir='ltr'>sane</span> <span class='ocrx_word' id='word_1_96' title='bbox 2432 1526 2712 1590; x_wconf 80' lang='lat' dir='ltr'>inuenire</span> 
     </span>
     <span class='ocr_line' id='line_1_12' title="bbox 469 1625 2712 1711; baseline 0.002 -23"><span class='ocrx_word' id='word_1_97' title='bbox 469 1625 709 1706; x_wconf 81' lang='lat' dir='ltr'>aliquos</span> <span class='ocrx_word' id='word_1_98' title='bbox 728 1673 743 1702; x_wconf 90' lang='lat'>,</span> <span class='ocrx_word' id='word_1_99' title='bbox 807 1626 912 1708; x_wconf 89' lang='lat' dir='ltr'>qui</span> <span class='ocrx_word' id='word_1_100' title='bbox 956 1628 1033 1692; x_wconf 89' lang='lat' dir='ltr'>ab</span> <span class='ocrx_word' id='word_1_101' title='bbox 1078 1625 1345 1690; x_wconf 74' lang='lat' dir='ltr'>istorum</span> <span class='ocrx_word' id='word_1_102' title='bbox 1405 1626 1635 1691; x_wconf 89' lang='lat' dir='ltr'>iudicio</span> <span class='ocrx_word' id='word_1_103' title='bbox 1696 1626 2210 1709; x_wconf 63' lang='lat' dir='ltr'>discrepaverint,</span> <span class='ocrx_word' id='word_1_104' title='bbox 2274 1628 2518 1711; x_wconf 73' lang='lat' dir='ltr'>praeter</span> <span class='ocrx_word' id='word_1_105' title='bbox 2560 1627 2712 1709; x_wconf 76' lang='lat' dir='ltr'>Epi-</span> 
     </span>
     <span class='ocr_line' id='line_1_13' title="bbox 468 1728 2713 1810; baseline 0.001 -18"><span class='ocrx_word' id='word_1_106' title='bbox 468 1742 788 1793; x_wconf 85' lang='lat' dir='ltr'>cureorum</span> <span class='ocrx_word' id='word_1_107' title='bbox 861 1729 964 1793; x_wconf 81' lang='lat' dir='ltr'>uel</span> <span class='ocrx_word' id='word_1_108' title='bbox 1035 1729 1422 1810; x_wconf 72' lang='lat' dir='ltr'>quorundam</span> <span class='ocrx_word' id='word_1_109' title='bbox 1508 1728 2029 1810; x_wconf 58' lang='lat' dir='ltr'>epicurizantium</span> <span class='ocrx_word' id='word_1_110' title='bbox 2112 1730 2519 1796; x_wconf 74' lang='lat' dir='ltr'>deiiramenta</span> <span class='ocrx_word' id='word_1_111' title='bbox 2592 1748 2713 1795; x_wconf 84' lang='lat' dir='ltr'>non</span> 
     </span>
     <span class='ocr_line' id='line_1_14' title="bbox 467 1831 2711 1914; baseline 0 -18"><span class='ocrx_word' id='word_1_112' title='bbox 467 1844 750 1913; x_wconf 86' lang='lat' dir='ltr'>possum,</span> <span class='ocrx_word' id='word_1_113' title='bbox 798 1833 906 1914; x_wconf 88' lang='lat' dir='ltr'>qui</span> <span class='ocrx_word' id='word_1_114' title='bbox 951 1831 1113 1896; x_wconf 68' lang='lat' dir='ltr'>sicut</span> <span class='ocrx_word' id='word_1_115' title='bbox 1156 1832 1546 1914; x_wconf 86' lang='lat' dir='ltr'>uoluptatem</span> <span class='ocrx_word' id='word_1_116' title='bbox 1591 1849 1735 1896; x_wconf 89' lang='lat' dir='ltr'>cum</span> <span class='ocrx_word' id='word_1_117' title='bbox 1779 1833 2013 1898; x_wconf 87' lang='lat' dir='ltr'>uirtute</span> <span class='ocrx_word' id='word_1_118' title='bbox 2056 1833 2146 1898; x_wconf 86' lang='lat' dir='ltr'>sic</span> <span class='ocrx_word' id='word_1_119' title='bbox 2190 1833 2374 1899; x_wconf 80' lang='lat' dir='ltr'>deum</span> <span class='ocrx_word' id='word_1_120' title='bbox 2425 1851 2570 1898; x_wconf 92' lang='lat' dir='ltr'>cum</span> <span class='ocrx_word' id='word_1_121' title='bbox 2613 1834 2711 1897; x_wconf 91' lang='lat' dir='ltr'>in-</span> 
     </span>
     <span class='ocr_line' id='line_1_15' title="bbox 467 1935 2711 2019; baseline 0 -19"><span class='ocrx_word' id='word_1_122' title='bbox 467 1936 639 2000; x_wconf 84' lang='lat' dir='ltr'>curia</span> <span class='ocrx_word' id='word_1_123' title='bbox 683 1954 754 2001; x_wconf 85' lang='lat' dir='ltr'>ac</span> <span class='ocrx_word' id='word_1_124' title='bbox 798 1936 1046 2018; x_wconf 83' lang='lat' dir='ltr'>torpore</span> <span class='ocrx_word' id='word_1_125' title='bbox 1090 1935 1444 2015; x_wconf 80' lang='lat' dir='ltr'>iunxerunt,</span> <span class='ocrx_word' id='word_1_126' title='bbox 1468 1938 1563 1999; x_wconf 42' lang='lat' dir='ltr'>mut</span> <span class='ocrx_word' id='word_1_127' title='bbox 1607 1939 1901 2018; x_wconf 79' lang='lat' dir='ltr'>appareat</span> <span class='ocrx_word' id='word_1_128' title='bbox 1945 1952 2065 2014; x_wconf 82' lang='lat' dir='ltr'>eos,</span> <span class='ocrx_word' id='word_1_129' title='bbox 2123 1938 2230 2019; x_wconf 85' lang='lat' dir='ltr'>qui</span> <span class='ocrx_word' id='word_1_130' title='bbox 2275 1937 2369 2003; x_wconf 88' lang='lat' dir='ltr'>ita</span> <span class='ocrx_word' id='word_1_131' title='bbox 2411 1937 2711 2018; x_wconf 70' lang='lat' dir='ltr'>sentiunt,</span> 
     </span>
    </p>

    <p class='ocr_par' dir='ltr' id='par_1_5' title="bbox 394 2039 2714 2207">
     <span class='ocr_line' id='line_1_16' title="bbox 394 2039 2714 2123; baseline 0.003 -26"><span class='ocrx_word' id='word_1_132' title='bbox 394 2059 449 2100; x_wconf 69' lang='grc' dir='ltr'>ιε»</span> <span class='ocrx_word' id='word_1_133' title='bbox 467 2039 626 2104; x_wconf 86' lang='lat' dir='ltr'>sicut</span> <span class='ocrx_word' id='word_1_134' title='bbox 684 2052 934 2104; x_wconf 77' lang='lat' dir='ltr'>sensnm</span> <span class='ocrx_word' id='word_1_135' title='bbox 989 2039 1432 2123; x_wconf 78' lang='lat' dir='ltr'>Epicureorum</span> <span class='ocrx_word' id='word_1_136' title='bbox 1491 2039 1676 2121; x_wconf 84' lang='lat' dir='ltr'>atque</span> <span class='ocrx_word' id='word_1_137' title='bbox 1734 2041 2108 2106; x_wconf 80' lang='lat' dir='ltr'>sententiam</span> <span class='ocrx_word' id='word_1_138' title='bbox 2171 2041 2266 2106; x_wconf 88' lang='lat' dir='ltr'>ita</span> <span class='ocrx_word' id='word_1_139' title='bbox 2319 2041 2513 2105; x_wconf 78' lang='lat' dir='ltr'>etia-m</span> <span class='ocrx_word' id='word_1_140' title='bbox 2558 2040 2714 2105; x_wconf 76' lang='lat' dir='ltr'>uitia</span> 
     </span>
     <span class='ocr_line' id='line_1_17' title="bbox 468 2141 715 2207; baseline -0.008 -1"><span class='ocrx_word' id='word_1_141' title='bbox 468 2141 715 2207; x_wconf 82' lang='lat' dir='ltr'>sectari.</span> 
     </span>
    </p>

    <p class='ocr_par' dir='ltr' id='par_1_6' title="bbox 465 2245 2774 2534">
     <span class='ocr_line' id='line_1_18' title="bbox 552 2245 2774 2329; baseline -0 -19"><span class='ocrx_word' id='word_1_142' title='bbox 552 2247 640 2310; x_wconf 94' lang='lat' dir='ltr'>II.</span> <span class='ocrx_word' id='word_1_143' title='bbox 687 2245 828 2310; x_wconf 86' lang='lat' dir='ltr'>Non</span> <span class='ocrx_word' id='word_1_144' title='bbox 871 2247 1021 2326; x_wconf 90' lang='lat' dir='ltr'>puto</span> <span class='ocrx_word' id='word_1_145' title='bbox 1052 2249 1213 2327; x_wconf 92' lang='lat' dir='ltr'>quod</span> <span class='ocrx_word' id='word_1_146' title='bbox 1255 2248 1340 2311; x_wconf 78' lang='lat' dir='ltr'>ad·</span> <span class='ocrx_word' id='word_1_147' title='bbox 1361 2245 1744 2328; x_wconf 78' lang='lat' dir='ltr'>probandam</span> <span class='ocrx_word' id='word_1_148' title='bbox 1789 2260 1953 2310; x_wconf 75' lang='lat' dir='ltr'>nun‘c</span> <span class='ocrx_word' id='word_1_149' title='bbox 1993 2264 2124 2311; x_wconf 87' lang='lat' dir='ltr'>rem</span> <span class='ocrx_word' id='word_1_150' title='bbox 2165 2248 2298 2312; x_wconf 82' lang='lat' dir='ltr'>tam</span> <span class='ocrx_word' id='word_1_151' title='bbox 2325 2246 2712 2329; x_wconf 66' lang='lat' dir='ltr'>perspicuam</span> <span class='ocrx_word' id='word_1_152' title='bbox 2733 2245 2774 2310; x_wconf 83' lang='lat'>6</span> 
     </span>
     <span class='ocr_line' id='line_1_19' title="bbox 466 2348 2714 2429; baseline -0.001 -15"><span class='ocrx_word' id='word_1_153' title='bbox 466 2350 662 2414; x_wconf 90' lang='lat' dir='ltr'>etiam</span> <span class='ocrx_word' id='word_1_154' title='bbox 706 2348 937 2413; x_wconf 88' lang='lat' dir='ltr'>diuinis</span> <span class='ocrx_word' id='word_1_155' title='bbox 982 2348 1076 2414; x_wconf 87' lang='lat' dir='ltr'>uti</span> <span class='ocrx_word' id='word_1_156' title='bbox 1121 2349 1235 2414; x_wconf 86' lang='lat' dir='ltr'>hoe</span> <span class='ocrx_word' id='word_1_157' title='bbox 1277 2348 1409 2413; x_wconf 90' lang='lat' dir='ltr'>loco</span> <span class='ocrx_word' id='word_1_158' title='bbox 1452 2348 1827 2414; x_wconf 74' lang='lat' dir='ltr'>testimoniis</span> <span class='ocrx_word' id='word_1_159' title='bbox 1859 2348 2214 2427; x_wconf 81' lang='lat' dir='ltr'>debeamus,</span> <span class='ocrx_word' id='word_1_160' title='bbox 2260 2351 2525 2413; x_wconf 74' lang='lat' dir='ltr'>maxime</span> <span class='ocrx_word' id='word_1_161' title='bbox 2571 2348 2714 2429; x_wconf 72' lang='lat' dir='ltr'>quia</span> 
     </span>
     <span class='ocr_line' id='line_1_20' title="bbox 465 2449 2713 2534; baseline -0.001 -17"><span class='ocrx_word' id='word_1_162' title='bbox 465 2470 784 2517; x_wconf 87' lang='lat' dir='ltr'>sermones</span> <span class='ocrx_word' id='word_1_163' title='bbox 821 2450 978 2516; x_wconf 84' lang='lat' dir='ltr'>sacri</span> <span class='ocrx_word' id='word_1_164' title='bbox 1008 2451 1103 2516; x_wconf 85' lang='lat' dir='ltr'>ita</span> <span class='ocrx_word' id='word_1_165' title='bbox 1133 2451 1375 2516; x_wconf 81' lang='lat' dir='ltr'>abunde</span> <span class='ocrx_word' id='word_1_166' title='bbox 1407 2454 1470 2516; x_wconf 93' lang='lat' dir='ltr'>et</span> <span class='ocrx_word' id='word_1_167' title='bbox 1505 2449 1821 2516; x_wconf 84' lang='lat' dir='ltr'>euidenter</span> <span class='ocrx_word' id='word_1_168' title='bbox 1852 2450 2102 2515; x_wconf 56' lang='lat' dir='ltr'>cunctis&gt;</span> <span class='ocrx_word' id='word_1_169' title='bbox 2122 2450 2459 2534; x_wconf 81' lang='lat' dir='ltr'>impiorum</span> <span class='ocrx_word' id='word_1_170' title='bbox 2488 2463 2713 2533; x_wconf 76' lang='lat' dir='ltr'>propo·-</span> 
     </span>
    </p>

    <p class='ocr_par' dir='ltr' id='par_1_7' title="bbox 387 2552 2718 3147">
     <span class='ocr_line' id='line_1_21' title="bbox 387 2552 2714 2635; baseline -0.003 -12"><span class='ocrx_word' id='word_1_171' title='bbox 387 2581 449 2623; x_wconf 73' lang='lat' dir='ltr'>v20</span> <span class='ocrx_word' id='word_1_172' title='bbox 466 2555 797 2621; x_wconf 82' lang='lat' dir='ltr'>sitionibus</span> <span class='ocrx_word' id='word_1_173' title='bbox 842 2554 1296 2632; x_wconf 81' lang='lat' dir='ltr'>contradicunt,</span> <span class='ocrx_word' id='word_1_174' title='bbox 1344 2558 1433 2632; x_wconf 89' lang='lat' dir='ltr'>ut,</span> <span class='ocrx_word' id='word_1_175' title='bbox 1483 2554 1634 2618; x_wconf 93' lang='lat' dir='ltr'>dum</span> <span class='ocrx_word' id='word_1_176' title='bbox 1677 2553 2078 2635; x_wconf 82' lang='lat' dir='ltr'>sequentibus</span> <span class='ocrx_word' id='word_1_177' title='bbox 2123 2572 2337 2618; x_wconf 82' lang='lat' dir='ltr'>eorum</span> <span class='ocrx_word' id='word_1_178' title='bbox 2384 2552 2714 2618; x_wconf 80' lang='lat' dir='ltr'>calumniis</span> 
     </span>
     <span class='ocr_line' id='line_1_22' title="bbox 466 2655 2715 2738; baseline -0 -15"><span class='ocrx_word' id='word_1_179' title='bbox 466 2657 906 2735; x_wconf 81' lang='lat' dir='ltr'>satisfacimuS,</span> <span class='ocrx_word' id='word_1_180' title='bbox 952 2658 1146 2722; x_wconf 85' lang='lat' dir='ltr'>etiam</span> <span class='ocrx_word' id='word_1_181' title='bbox 1192 2675 1262 2721; x_wconf 86' lang='lat' dir='ltr'>ea</span> <span class='ocrx_word' id='word_1_182' title='bbox 1307 2675 1463 2738; x_wconf 86' lang='lat' dir='ltr'>quae</span> <span class='ocrx_word' id='word_1_183' title='bbox 1509 2656 1907 2738; x_wconf 66' lang='lat' dir='ltr'>supra‘ditcta</span> <span class='ocrx_word' id='word_1_184' title='bbox 1952 2660 2099 2720; x_wconf 90' lang='lat' dir='ltr'>sunt</span> <span class='ocrx_word' id='word_1_185' title='bbox 2152 2655 2400 2738; x_wconf 76' lang='lat' dir='ltr'>plenitus</span> <span class='ocrx_word' id='word_1_186' title='bbox 2443 2655 2715 2722; x_wconf 81' lang='lat' dir='ltr'>refutare</span> 
     </span>
     <span class='ocr_line' id='line_1_23' title="bbox 465 2760 2716 2845; baseline -0.001 -18"><span class='ocrx_word' id='word_1_187' title='bbox 465 2762 799 2845; x_wconf 74' lang='lat' dir='ltr'>possimne.</span> <span class='ocrx_word' id='word_1_188' title='bbox 848 2761 1027 2827; x_wconf 85' lang='lat' dir='ltr'>aiunt</span> <span class='ocrx_word' id='word_1_189' title='bbox 1056 2760 1250 2845; x_wconf 67' lang='lat' dir='ltr'>igitur</span> <span class='ocrx_word' id='word_1_190' title='bbox 1279 2778 1315 2824; x_wconf 90' lang='lat' dir='ltr'>a</span> <span class='ocrx_word' id='word_1_191' title='bbox 1359 2763 1468 2826; x_wconf 87' lang='lat' dir='ltr'>deo</span> <span class='ocrx_word' id='word_1_192' title='bbox 1500 2760 2186 2842; x_wconf 79' lang='lat' dir='ltr'>omnia-praetermitti,</span> <span class='ocrx_word' id='word_1_193' title='bbox 2234 2760 2381 2842; x_wconf 76' lang='lat' dir='ltr'>quia</span> <span class='ocrx_word' id='word_1_194' title='bbox 2409 2777 2528 2825; x_wconf 62' lang='lat' dir='ltr'>nee¹</span> <span class='ocrx_word' id='word_1_195' title='bbox 2550 2775 2716 2825; x_wconf 77' lang='lat' dir='ltr'>coer·-</span> 
     </span>
     <span class='ocr_line' id='line_1_24' title="bbox 469 2863 2712 2956; baseline -0.001 -27"><span class='ocrx_word' id='word_1_196' title='bbox 469 2869 609 2929; x_wconf 82' lang='lat' dir='ltr'>ceat</span> <span class='ocrx_word' id='word_1_197' title='bbox 640 2865 837 2929; x_wconf 86' lang='lat' dir='ltr'>malos</span> <span class='ocrx_word' id='word_1_198' title='bbox 869 2881 983 2929; x_wconf 89' lang='lat' dir='ltr'>nec</span> <span class='ocrx_word' id='word_1_199' title='bbox 1028 2865 1274 2927; x_wconf 85' lang='lat' dir='ltr'>tueatur</span> <span class='ocrx_word' id='word_1_200' title='bbox 1301 2863 1517 2956; x_wconf 78' lang='lat' dir='ltr'>bon9S,</span> <span class='ocrx_word' id='word_1_201' title='bbox 1557 2869 1618 2928; x_wconf 89' lang='lat' dir='ltr'>et</span> <span class='ocrx_word' id='word_1_202' title='bbox 1650 2863 1791 2928; x_wconf 90' lang='lat' dir='ltr'>ideo</span> <span class='ocrx_word' id='word_1_203' title='bbox 1822 2863 1889 2927; x_wconf 92' lang='lat' dir='ltr'>in</span> <span class='ocrx_word' id='word_1_204' title='bbox 1920 2864 2037 2928; x_wconf 86' lang='lat' dir='ltr'>hoc</span> <span class='ocrx_word' id='word_1_205' title='bbox 2066 2863 2312 2929; x_wconf 84' lang='lat' dir='ltr'>saeculo</span> <span class='ocrx_word' id='word_1_206' title='bbox 2343 2863 2712 2929; x_wconf 81' lang='lat' dir='ltr'>deteriorem</span> 
     </span>
     <span class='ocr_line' id='line_1_25' title="bbox 468 2965 2714 3049; baseline -0 -18"><span class='ocrx_word' id='word_1_207' title='bbox 468 2968 804 3032; x_wconf 85' lang='lat' dir='ltr'>admodum</span> <span class='ocrx_word' id='word_1_208' title='bbox 848 2969 1085 3031; x_wconf 87' lang='lat' dir='ltr'>statum</span> <span class='ocrx_word' id='word_1_209' title='bbox 1117 2985 1248 3030; x_wconf 89' lang='lat' dir='ltr'>esse</span> <span class='ocrx_word' id='word_1_210' title='bbox 1293 2965 1652 3031; x_wconf 86' lang='lat' dir='ltr'>meliorum:</span> <span class='ocrx_word' id='word_1_211' title='bbox 1702 2968 1887 3031; x_wconf 82' lang='lat' dir='ltr'>bonos</span> <span class='ocrx_word' id='word_1_212' title='bbox 1917 2967 2145 3049; x_wconf 83' lang='lat' dir='ltr'>quippe</span> <span class='ocrx_word' id='word_1_213' title='bbox 2175 2981 2310 3031; x_wconf 86' lang='lat' dir='ltr'>esse</span> <span class='ocrx_word' id='word_1_214' title='bbox 2335 2966 2402 3030; x_wconf 93' lang='lat' dir='ltr'>in</span> <span class='ocrx_word' id='word_1_215' title='bbox 2450 2983 2714 3049; x_wconf 83' lang='lat' dir='ltr'>pauper-</span> 
     </span>
     <span class='ocr_line' id='line_1_26' title="bbox 387 3067 2718 3147; baseline 0 -13"><span class='ocrx_word' id='word_1_216' title='bbox 387 3071 599 3135; x_wconf 63' lang='lat' dir='ltr'>esta&#39;oe</span> <span class='ocrx_word' id='word_1_217' title='bbox 643 3070 840 3135; x_wconf 89' lang='lat' dir='ltr'>malos</span> <span class='ocrx_word' id='word_1_218' title='bbox 884 3070 952 3134; x_wconf 90' lang='lat' dir='ltr'>in</span> <span class='ocrx_word' id='word_1_219' title='bbox 997 3069 1398 3147; x_wconf 85' lang='lat' dir='ltr'>abundantia,</span> <span class='ocrx_word' id='word_1_220' title='bbox 1445 3069 1636 3135; x_wconf 87' lang='lat' dir='ltr'>bonos</span> <span class='ocrx_word' id='word_1_221' title='bbox 1683 3070 1748 3134; x_wconf 92' lang='lat' dir='ltr'>in</span> <span class='ocrx_word' id='word_1_222' title='bbox 1780 3067 2144 3133; x_wconf 84' lang='lat' dir='ltr'>infirmitate</span> <span class='ocrx_word' id='word_1_223' title='bbox 2175 3070 2373 3135; x_wconf 84' lang='lat' dir='ltr'>malos</span> <span class='ocrx_word' id='word_1_224' title='bbox 2418 3069 2486 3133; x_wconf 87' lang='lat' dir='ltr'>in</span> <span class='ocrx_word' id='word_1_225' title='bbox 2533 3067 2718 3134; x_wconf 88' lang='lat' dir='ltr'>forti·</span> 
     </span>
    </p>
   </div>
   <div class='ocr_carea' id='block_1_3' title="bbox 454 3288 2720 4393">
    <p class='ocr_par' dir='ltr' id='par_1_8' title="bbox 454 3288 2720 4393">
     <span class='ocr_line' id='line_1_27' title="bbox 570 3288 2719 3358; baseline -0.001 -14"><span class='ocrx_word' id='word_1_226' title='bbox 570 3293 598 3344; x_wconf 93' lang='lat'>1</span> <span class='ocrx_word' id='word_1_227' title='bbox 636 3292 948 3346; x_wconf 83' lang='lat' dir='ltr'>necessitate</span> <span class='ocrx_word' id='word_1_228' title='bbox 984 3305 1162 3345; x_wconf 67' lang='lat' dir='ltr'>coum</span> <span class='ocrx_word' id='word_1_229' title='bbox 1195 3289 1291 3343; x_wconf 89' lang='lat' dir='ltr'>deo</span> <span class='ocrx_word' id='word_1_230' title='bbox 1326 3288 1381 3342; x_wconf 99' lang='lat' dir='ltr'><strong><em>A</em></strong></span> <span class='ocrx_word' id='word_1_231' title='bbox 1527 3290 1562 3343; x_wconf 89' lang='lat'><strong>3</strong></span> <span class='ocrx_word' id='word_1_232' title='bbox 1598 3288 1897 3358; x_wconf 57' lang='lat' dir='ltr'>quidemn*</span> <span class='ocrx_word' id='word_1_233' title='bbox 1933 3289 2029 3357; x_wconf 91' lang='lat' dir='ltr'>qui</span> <span class='ocrx_word' id='word_1_234' title='bbox 2064 3289 2119 3341; x_wconf 93' lang='lat' dir='ltr'><strong><em>A</em></strong></span> <span class='ocrx_word' id='word_1_235' title='bbox 2265 3291 2459 3357; x_wconf 82' lang='lat' dir='ltr'>putant</span> <span class='ocrx_word' id='word_1_236' title='bbox 2493 3288 2548 3340; x_wconf 91' lang='lat' dir='ltr'><em>B</em></span> <span class='ocrx_word' id='word_1_237' title='bbox 2583 3303 2654 3343; x_wconf 87' lang='lat' dir='ltr'>m.</span> <span class='ocrx_word' id='word_1_238' title='bbox 2678 3288 2719 3341; x_wconf 78' lang='lat'><strong><em>2</em></strong></span> 
     </span>
     <span class='ocr_line' id='line_1_28' title="bbox 465 3373 2715 3449; baseline -0.004 -15"><span class='ocrx_word' id='word_1_239' title='bbox 465 3381 531 3435; x_wconf 78' lang='lat' dir='ltr'>in</span> <span class='ocrx_word' id='word_1_240' title='bbox 566 3395 662 3449; x_wconf 77' lang='lat' dir='ltr'>my.</span> <span class='ocrx_word' id='word_1_241' title='bbox 868 3378 903 3431; x_wconf 82' lang='lat'>5</span> <span class='ocrx_word' id='word_1_242' title='bbox 948 3378 1180 3446; x_wconf 64' lang='lat' dir='ltr'>reg-atu*</span> <span class='ocrx_word' id='word_1_243' title='bbox 1215 3375 1333 3430; x_wconf 85' lang='lat' dir='ltr'>diat</span> <span class='ocrx_word' id='word_1_244' title='bbox 1380 3390 1473 3444; x_wconf 90' lang='lat' dir='ltr'>per</span> <span class='ocrx_word' id='word_1_245' title='bbox 1520 3376 1575 3428; x_wconf 93' lang='lat' dir='ltr'><strong><em>A</em></strong></span> <span class='ocrx_word' id='word_1_246' title='bbox 1782 3376 1815 3429; x_wconf 88' lang='lat'><strong>6</strong></span> <span class='ocrx_word' id='word_1_247' title='bbox 1858 3374 1987 3443; x_wconf 89' lang='lat' dir='ltr'>quid</span> <span class='ocrx_word' id='word_1_248' title='bbox 2034 3373 2099 3427; x_wconf 89' lang='lat' dir='ltr'>de</span> <span class='ocrx_word' id='word_1_249' title='bbox 2148 3389 2215 3429; x_wconf 80' lang='lat' dir='ltr'>ex</span> <span class='ocrx_word' id='word_1_250' title='bbox 2260 3374 2353 3443; x_wconf 89' lang='lat' dir='ltr'>qui</span> <span class='ocrx_word' id='word_1_251' title='bbox 2389 3374 2453 3428; x_wconf 92' lang='lat' dir='ltr'>de</span> <span class='ocrx_word' id='word_1_252' title='bbox 2486 3374 2540 3426; x_wconf 87' lang='lat' dir='ltr'><strong><em>A</em></strong></span> <span class='ocrx_word' id='word_1_253' title='bbox 2576 3388 2715 3429; x_wconf 79' lang='lat' dir='ltr'>corr.</span> 
     </span>
     <span class='ocr_line' id='line_1_29' title="bbox 465 3458 2715 3532; baseline -0.003 -14"><span class='ocrx_word' id='word_1_254' title='bbox 465 3481 536 3519; x_wconf 83' lang='lat' dir='ltr'>m.</span> <span class='ocrx_word' id='word_1_255' title='bbox 571 3466 612 3517; x_wconf 79' lang='lat'><strong><em>2</em></strong></span> <span class='ocrx_word' id='word_1_256' title='bbox 799 3463 876 3532; x_wconf 74' lang='lat' dir='ltr'>ac]</span> <span class='ocrx_word' id='word_1_257' title='bbox 915 3465 968 3516; x_wconf 83' lang='lat' dir='ltr'>et</span> <span class='ocrx_word' id='word_1_258' title='bbox 1004 3462 1057 3515; x_wconf 90' lang='lat' dir='ltr'><em>B</em></span> <span class='ocrx_word' id='word_1_259' title='bbox 1245 3462 1413 3515; x_wconf 66' lang='lat' dir='ltr'>deim</span> <span class='ocrx_word' id='word_1_260' title='bbox 1447 3461 1610 3515; x_wconf 89' lang='lat' dir='ltr'>simul</span> <span class='ocrx_word' id='word_1_261' title='bbox 1644 3462 1699 3514; x_wconf 88' lang='lat' dir='ltr'><strong><em>A</em></strong></span> <span class='ocrx_word' id='word_1_262' title='bbox 1893 3461 1924 3514; x_wconf 82' lang='lat'>7</span> <span class='ocrx_word' id='word_1_263' title='bbox 1961 3460 2290 3529; x_wconf 70' lang='lat' dir='ltr'>eloquentia*</span> <span class='ocrx_word' id='word_1_264' title='bbox 2334 3459 2389 3513; x_wconf 88' lang='lat' dir='ltr'><strong><em>A</em></strong></span> <span class='ocrx_word' id='word_1_265' title='bbox 2580 3458 2715 3512; x_wconf 77' lang='lat' dir='ltr'>iudi·</span> 
     </span>
     <span class='ocr_line' id='line_1_30' title="bbox 463 3545 2716 3619; baseline -0.004 -14"><span class='ocrx_word' id='word_1_266' title='bbox 463 3549 660 3617; x_wconf 83' lang='lat' dir='ltr'>carint]</span> <span class='ocrx_word' id='word_1_267' title='bbox 698 3549 760 3603; x_wconf 69' lang='lat' dir='ltr'>im</span> <span class='ocrx_word' id='word_1_268' title='bbox 794 3550 849 3602; x_wconf 90' lang='lat' dir='ltr'><strong><em>A</em></strong></span> <span class='ocrx_word' id='word_1_269' title='bbox 882 3548 983 3603; x_wconf 77' lang='lat' dir='ltr'>ult.</span> <span class='ocrx_word' id='word_1_270' title='bbox 1020 3548 1141 3619; x_wconf 67' lang='lat' dir='ltr'>Syll.</span> <span class='ocrx_word' id='word_1_271' title='bbox 1179 3562 1245 3601; x_wconf 77' lang='lat' dir='ltr'>ex</span> <span class='ocrx_word' id='word_1_272' title='bbox 1289 3552 1460 3616; x_wconf 73' lang='lat' dir='ltr'>parte</span> <span class='ocrx_word' id='word_1_273' title='bbox 1513 3547 1749 3601; x_wconf 73' lang='lat' dir='ltr'>euoenm‘t</span> <span class='ocrx_word' id='word_1_274' title='bbox 1803 3546 1898 3601; x_wconf 81' lang='lat' dir='ltr'>sed</span> <span class='ocrx_word' id='word_1_275' title='bbox 1950 3547 2123 3613; x_wconf 67' lang='lat' dir='ltr'>faisse</span> <span class='ocrx_word' id='word_1_276' title='bbox 2168 3547 2395 3601; x_wconf 65' lang='lat' dir='ltr'>uidetur</span> <span class='ocrx_word' id='word_1_277' title='bbox 2442 3545 2553 3599; x_wconf 72' lang='lat' dir='ltr'>rint</span> <span class='ocrx_word' id='word_1_278' title='bbox 2601 3557 2716 3599; x_wconf 70' lang='lat' dir='ltr'>non</span> 
     </span>
     <span class='ocr_line' id='line_1_31' title="bbox 466 3631 2579 3703; baseline -0.002 -14"><span class='ocrx_word' id='word_1_279' title='bbox 466 3637 590 3690; x_wconf 74' lang='lat' dir='ltr'>rent</span> <span class='ocrx_word' id='word_1_280' title='bbox 825 3635 859 3689; x_wconf 87' lang='lat'>8</span> <span class='ocrx_word' id='word_1_281' title='bbox 912 3634 1268 3703; x_wconf 55' lang='lat' dir='ltr'>utriusqueua</span> <span class='ocrx_word' id='word_1_282' title='bbox 1322 3633 1522 3703; x_wconf 83' lang='lat' dir='ltr'>protuli</span> <span class='ocrx_word' id='word_1_283' title='bbox 1580 3634 1635 3686; x_wconf 93' lang='lat' dir='ltr'><strong><em>A</em></strong></span> <span class='ocrx_word' id='word_1_284' title='bbox 1893 3634 1927 3687; x_wconf 88' lang='grc'><strong>9</strong></span> <span class='ocrx_word' id='word_1_285' title='bbox 1980 3634 2468 3689; x_wconf 57' lang='lat' dir='ltr'>sinennonstrarem</span> <span class='ocrx_word' id='word_1_286' title='bbox 2524 3631 2579 3684; x_wconf 90' lang='lat' dir='ltr'><strong><em>A</em></strong></span> 
     </span>
     <span class='ocr_line' id='line_1_32' title="bbox 466 3717 2716 3776; baseline -0.002 -1"><span class='ocrx_word' id='word_1_287' title='bbox 466 3723 532 3775; x_wconf 87' lang='grc'>11</span> <span class='ocrx_word' id='word_1_288' title='bbox 571 3720 773 3776; x_wconf 72' lang='lat' dir='ltr'>iudicio</span> <span class='ocrx_word' id='word_1_289' title='bbox 807 3720 1129 3774; x_wconf 64' lang='lat' dir='ltr'>mzantium</span> <span class='ocrx_word' id='word_1_290' title='bbox 1164 3722 1221 3774; x_wconf 90' lang='lat' dir='ltr'><strong><em>A</em></strong></span> <span class='ocrx_word' id='word_1_291' title='bbox 1429 3719 1492 3774; x_wconf 84' lang='lat'>12</span> <span class='ocrx_word' id='word_1_292' title='bbox 1525 3718 1877 3773; x_wconf 71' lang='lat' dir='ltr'>delii-amenta</span> <span class='ocrx_word' id='word_1_293' title='bbox 1912 3731 1979 3774; x_wconf 78' lang='lat' dir='ltr'>ex</span> <span class='ocrx_word' id='word_1_294' title='bbox 2014 3719 2376 3773; x_wconf 77' lang='lat' dir='ltr'>deleramenta</span> <span class='ocrx_word' id='word_1_295' title='bbox 2412 3717 2524 3771; x_wconf 90' lang='lat' dir='ltr'><strong><em>AB</em></strong></span> <span class='ocrx_word' id='word_1_296' title='bbox 2570 3723 2716 3773; x_wconf 65' lang='lat' dir='ltr'>cm.</span> 
     </span>
     <span class='ocr_line' id='line_1_33' title="bbox 462 3804 2582 3875; baseline -0.002 -14"><span class='ocrx_word' id='word_1_297' title='bbox 462 3822 534 3861; x_wconf 82' lang='lat' dir='ltr'>m.</span> <span class='ocrx_word' id='word_1_298' title='bbox 569 3812 605 3863; x_wconf 84' lang='lat'><strong><em>2</em></strong></span> <span class='ocrx_word' id='word_1_299' title='bbox 813 3807 877 3860; x_wconf 80' lang='lat'>13</span> <span class='ocrx_word' id='word_1_300' title='bbox 929 3819 1144 3875; x_wconf 84' lang='lat' dir='ltr'>possum</span> <span class='ocrx_word' id='word_1_301' title='bbox 1198 3807 1398 3861; x_wconf 65' lang='lat' dir='ltr'>mtute</span> <span class='ocrx_word' id='word_1_302' title='bbox 1449 3807 1504 3860; x_wconf 90' lang='lat' dir='ltr'><strong><em>A</em></strong></span> <span class='ocrx_word' id='word_1_303' title='bbox 1714 3805 1782 3858; x_wconf 80' lang='lat'>14</span> <span class='ocrx_word' id='word_1_304' title='bbox 1834 3805 1915 3859; x_wconf 79' lang='lat' dir='ltr'>ita</span> <span class='ocrx_word' id='word_1_305' title='bbox 1968 3817 2205 3859; x_wconf 54' lang='lat' dir='ltr'>sonuum</span> <span class='ocrx_word' id='word_1_306' title='bbox 2260 3804 2471 3874; x_wconf 78' lang='lat' dir='ltr'>Epicur.</span> <span class='ocrx_word' id='word_1_307' title='bbox 2505 3804 2582 3857; x_wconf 81' lang='lat' dir='ltr'><strong><em>-A</em></strong></span> 
     </span>
     <span class='ocr_line' id='line_1_34' title="bbox 466 3890 2583 3949; baseline -0.002 0"><span class='ocrx_word' id='word_1_308' title='bbox 466 3895 533 3949; x_wconf 90' lang='grc'>16</span> <span class='ocrx_word' id='word_1_309' title='bbox 585 3893 777 3949; x_wconf 81' lang='lat' dir='ltr'>sectari</span> <span class='ocrx_word' id='word_1_310' title='bbox 811 3908 1002 3947; x_wconf 55' lang='lat' dir='ltr'>*mrem</span> <span class='ocrx_word' id='word_1_311' title='bbox 1050 3895 1164 3947; x_wconf 80' lang='lat' dir='ltr'>tam</span> <span class='ocrx_word' id='word_1_312' title='bbox 1212 3894 1267 3947; x_wconf 90' lang='lat' dir='ltr'><strong><em>A</em></strong></span> <span class='ocrx_word' id='word_1_313' title='bbox 1477 3893 1543 3947; x_wconf 90' lang='lat'>18</span> <span class='ocrx_word' id='word_1_314' title='bbox 1593 3891 1824 3946; x_wconf 65' lang='lat' dir='ltr'>diuinis·</span> <span class='ocrx_word' id='word_1_315' title='bbox 1867 3891 1964 3945; x_wconf 85' lang='lat' dir='ltr'>hoc</span> <span class='ocrx_word' id='word_1_316' title='bbox 2014 3892 2073 3945; x_wconf 74' lang='lat' dir='ltr'><strong><em>&#39;A</em></strong></span> <span class='ocrx_word' id='word_1_317' title='bbox 2281 3892 2338 3945; x_wconf 78' lang='lat' dir='ltr'>in</span> <span class='ocrx_word' id='word_1_318' title='bbox 2379 3891 2480 3946; x_wconf 88' lang='lat' dir='ltr'>hoc</span> <span class='ocrx_word' id='word_1_319' title='bbox 2527 3890 2583 3944; x_wconf 89' lang='lat' dir='ltr'><em>B</em></span> 
     </span>
     <span class='ocr_line' id='line_1_35' title="bbox 462 3976 2718 4051; baseline -0.002 -16"><span class='ocrx_word' id='word_1_320' title='bbox 462 3981 578 4037; x_wconf 84' lang='lat' dir='ltr'>loco</span> <span class='ocrx_word' id='word_1_321' title='bbox 614 3983 827 4037; x_wconf 52' lang='lat' dir='ltr'>testim*</span> <span class='ocrx_word' id='word_1_322' title='bbox 865 3982 990 4051; x_wconf 88' lang='lat' dir='ltr'>quia</span> <span class='ocrx_word' id='word_1_323' title='bbox 1037 3981 1091 4035; x_wconf 92' lang='lat' dir='ltr'><strong><em>A</em></strong></span> <span class='ocrx_word' id='word_1_324' title='bbox 1294 3979 1379 4033; x_wconf 91' lang='lat' dir='ltr'>dei</span> <span class='ocrx_word' id='word_1_325' title='bbox 1413 3977 1699 4033; x_wconf 83' lang='lat' dir='ltr'>debeamus</span> <span class='ocrx_word' id='word_1_326' title='bbox 1745 3977 1802 4031; x_wconf 87' lang='lat' dir='ltr'><em>B</em></span> <span class='ocrx_word' id='word_1_327' title='bbox 2008 3978 2074 4031; x_wconf 88' lang='grc'>19</span> <span class='ocrx_word' id='word_1_328' title='bbox 2123 3977 2476 4031; x_wconf 58' lang='lat' dir='ltr'>sermonakari</span> <span class='ocrx_word' id='word_1_329' title='bbox 2521 3976 2617 4031; x_wconf 75' lang='lat' dir='ltr'>sed</span> <span class='ocrx_word' id='word_1_330' title='bbox 2649 3976 2718 4029; x_wconf 72' lang='lat' dir='ltr'>ka</span> 
     </span>
     <span class='ocr_line' id='line_1_36' title="bbox 459 4057 2720 4136; baseline -0.002 -15"><span class='ocrx_word' id='word_1_331' title='bbox 459 4082 532 4121; x_wconf 82' lang='lat' dir='ltr'>m.</span> <span class='ocrx_word' id='word_1_332' title='bbox 570 4071 609 4121; x_wconf 79' lang='lat'><em>2</em></span> <span class='ocrx_word' id='word_1_333' title='bbox 655 4069 707 4122; x_wconf 91' lang='lat' dir='ltr'><strong><em>A</em></strong></span> <span class='ocrx_word' id='word_1_334' title='bbox 912 4068 1198 4136; x_wconf 88' lang='lat' dir='ltr'>impiorum</span> <span class='ocrx_word' id='word_1_335' title='bbox 1234 4090 1318 4119; x_wconf 68' lang='lat' dir='ltr'>m</span> <span class='ocrx_word' id='word_1_336' title='bbox 1352 4064 1702 4134; x_wconf 73' lang='lat' dir='ltr'>sequentibus</span> <span class='ocrx_word' id='word_1_337' title='bbox 1739 4064 1794 4117; x_wconf 90' lang='lat' dir='ltr'><strong><em>A</em></strong></span> <span class='ocrx_word' id='word_1_338' title='bbox 1999 4063 2069 4119; x_wconf 90' lang='grc'>20</span> <span class='ocrx_word' id='word_1_339' title='bbox 2115 4063 2396 4118; x_wconf 74' lang='lat' dir='ltr'>calum-niis</span> <span class='ocrx_word' id='word_1_340' title='bbox 2444 4071 2623 4117; x_wconf 76' lang='lat' dir='ltr'>eorum</span> <span class='ocrx_word' id='word_1_341' title='bbox 2660 4057 2720 4117; x_wconf 84' lang='lat' dir='ltr'><em>B</em></span> 
     </span>
     <span class='ocr_line' id='line_1_37' title="bbox 454 4150 2714 4225; baseline -0.002 -17"><span class='ocrx_word' id='word_1_342' title='bbox 454 4154 559 4208; x_wconf 70' lang='lat' dir='ltr'>sed</span> <span class='ocrx_word' id='word_1_343' title='bbox 604 4170 786 4209; x_wconf 86' lang='lat' dir='ltr'>eorum</span> <span class='ocrx_word' id='word_1_344' title='bbox 832 4155 893 4209; x_wconf 76' lang='lat' dir='ltr'>in</span> <span class='ocrx_word' id='word_1_345' title='bbox 927 4169 1028 4225; x_wconf 70' lang='lat' dir='ltr'>my.</span> <span class='ocrx_word' id='word_1_346' title='bbox 1063 4165 1134 4209; x_wconf 85' lang='lat' dir='ltr'>m.</span> <span class='ocrx_word' id='word_1_347' title='bbox 1169 4156 1210 4207; x_wconf 79' lang='lat'><strong><em>2</em></strong></span> <span class='ocrx_word' id='word_1_348' title='bbox 1411 4153 1476 4206; x_wconf 84' lang='lat'>21</span> <span class='ocrx_word' id='word_1_349' title='bbox 1528 4152 1690 4204; x_wconf 83' lang='lat' dir='ltr'>etiam</span> <span class='ocrx_word' id='word_1_350' title='bbox 1728 4171 1834 4205; x_wconf 62' lang='lat' dir='ltr'>m*</span> <span class='ocrx_word' id='word_1_351' title='bbox 1871 4152 2057 4219; x_wconf 70' lang='lat' dir='ltr'>Agunt</span> <span class='ocrx_word' id='word_1_352' title='bbox 2097 4152 2235 4217; x_wconf 63' lang='lat' dir='ltr'>(suc)⁴</span> <span class='ocrx_word' id='word_1_353' title='bbox 2251 4150 2308 4204; x_wconf 71' lang='lat' dir='ltr'><strong><em>&#39;A</em></strong></span> <span class='ocrx_word' id='word_1_354' title='bbox 2341 4166 2409 4203; x_wconf 89' lang='lat' dir='ltr'>m.</span> <span class='ocrx_word' id='word_1_355' title='bbox 2449 4154 2480 4203; x_wconf 90' lang='lat'><em>1</em></span> <span class='ocrx_word' id='word_1_356' title='bbox 2516 4150 2714 4216; x_wconf 64' lang='lat' dir='ltr'>(Aiunt</span> 
     </span>
     <span class='ocr_line' id='line_1_38' title="bbox 464 4234 2719 4308; baseline -0.003 -12"><span class='ocrx_word' id='word_1_357' title='bbox 464 4243 522 4296; x_wconf 87' lang='lat' dir='ltr'><strong><em>A</em></strong></span> <span class='ocrx_word' id='word_1_358' title='bbox 554 4258 622 4296; x_wconf 86' lang='lat' dir='ltr'>m.</span> <span class='ocrx_word' id='word_1_359' title='bbox 661 4245 716 4303; x_wconf 82' lang='lat'>2)</span> <span class='ocrx_word' id='word_1_360' title='bbox 923 4239 990 4293; x_wconf 87' lang='lat'>22</span> <span class='ocrx_word' id='word_1_361' title='bbox 1025 4239 1381 4308; x_wconf 81' lang='lat' dir='ltr'>praetermitti</span> <span class='ocrx_word' id='word_1_362' title='bbox 1418 4262 1496 4292; x_wconf 65' lang='lat' dir='ltr'>m</span> <span class='ocrx_word' id='word_1_363' title='bbox 1531 4237 1744 4292; x_wconf 80' lang='lat' dir='ltr'>saeculo</span> <span class='ocrx_word' id='word_1_364' title='bbox 1780 4237 1834 4290; x_wconf 88' lang='lat' dir='ltr'><strong><em>A</em></strong></span> <span class='ocrx_word' id='word_1_365' title='bbox 2038 4234 2107 4290; x_wconf 85' lang='lat'>24</span> <span class='ocrx_word' id='word_1_366' title='bbox 2140 4235 2719 4291; x_wconf 72' lang='lat' dir='ltr'>admodum-miseria</span> 
     </span>
     <span class='ocr_line' id='line_1_39' title="bbox 458 4324 1464 4393; baseline -0.002 -14"><span class='ocrx_word' id='word_1_367' title='bbox 458 4328 523 4380; x_wconf 83' lang='lat' dir='ltr'>et</span> <span class='ocrx_word' id='word_1_368' title='bbox 555 4329 670 4393; x_wconf 81' lang='lat' dir='ltr'>fere</span> <span class='ocrx_word' id='word_1_369' title='bbox 706 4328 888 4383; x_wconf 76' lang='lat' dir='ltr'>omnia</span> <span class='ocrx_word' id='word_1_370' title='bbox 923 4330 1277 4382; x_wconf 63' lang='lat' dir='ltr'>evanuerunt</span> <span class='ocrx_word' id='word_1_371' title='bbox 1311 4325 1374 4378; x_wconf 78' lang='lat' dir='ltr'>in</span> <span class='ocrx_word' id='word_1_372' title='bbox 1409 4324 1464 4376; x_wconf 93' lang='lat' dir='ltr'><strong><em>A</em></strong></span> 
     </span>
    </p>
   </div>
  </div>
 </body>
</html>
