3380 4919
715 332 801 397 34
1685 325 1995 380 Saluiani

712 519 977 584 Paulusz
1046 518 1126 582 in
1192 520 1402 603 ipso,
1470 516 1709 599 inquit,
1778 520 1854 582 et
1910 517 2260 581 uiuimus
2313 518 2392 580 et
2451 533 2850 579 mouemur
2895 518 2968 579 et

713 640 991 687 sumus,
1066 624 1206 706 plus
1266 623 1496 705 absque
1557 619 1748 685 dubio
1810 639 1998 701 quam
2056 619 2433 702 gubernator
2492 621 2588 683 est
2647 617 2853 695 uitae,
2899 617 2969 682 in

713 743 832 806 quo
877 728 1083 790 motus
1128 727 1260 808 ipse
1314 725 1586 789 uiuentis
1632 727 1748 789 est.
1823 741 1947 788 non
1993 724 2161 788 enim
2205 723 2362 787 dixit
2404 725 2481 789 ab
2525 723 2661 806 ipso
2706 740 2817 787 nos
2861 725 2964 788 sed

711 829 775 892 in
820 828 954 911 ipso
1002 830 1271 905 moueri,
1334 830 1561 894 docens
1620 827 1868 893 scilicet
1926 827 2184 892 insitam
2230 827 2399 892 intra
2443 828 2713 891 uirtutes
2759 843 2963 890 sacras

709 931 991 998 omnium
1059 933 1345 998 nostrum
1413 948 1546 996 esse
1613 929 2067 1009 substantiam,
2144 929 2293 1012 quia
2358 930 2424 994 in
2489 930 2625 1011 ipso
2689 929 2964 1012 profecto
3007 948 3033 989 5

613 1035 694 1100 10
710 1034 1014 1119 uiuimuS,
1075 1056 1110 1099 a
1157 1054 1279 1117 quo
1340 1035 1459 1099 hoc
1516 1036 1723 1117 ipsum
1788 1034 2154 1100 adducimus
2209 1034 2373 1116 quod
2434 1050 2670 1097 sumus.
2746 1033 2853 1096 sed
2900 1035 2966 1098 et

709 1137 986 1203 saluator
1048 1137 1178 1220 ipse
1236 1138 1303 1202 in
1351 1137 1711 1220 euangelio:
1780 1155 1956 1201 ecce
2014 1155 2186 1220 eg0,
2252 1137 2486 1219 inquit,
2555 1136 2965 1202 uobiscum
3029 1212 3036 1217 ,

706 1260 876 1305 sum
950 1243 1312 1309 omnibus
1387 1242 1662 1307 diebus
1728 1259 1970 1323 usque
2037 1241 2125 1304 ad
2198 1240 2962 1307 consummationem

707 1344 1035 1409 saeculi.
1100 1363 1225 1412 non
1270 1346 1472 1411 solum
1518 1345 1844 1410 nobiscum
1889 1363 1956 1408 se
2000 1363 2129 1409 esse
2177 1344 2335 1409 dixit
2379 1346 2488 1410 sed
2520 1345 2711 1409 etiam
2758 1345 2959 1408 omni-

703 1447 818 1510 bus
865 1448 1081 1513 diebus
1125 1467 1255 1513 esse
1302 1451 1647 1515 nobiscum.
1724 1450 1797 1512 tu
1842 1466 2004 1526 eum,
2049 1466 2084 1512 o
2129 1448 2554 1530 ingratissime
2597 1448 2804 1527 homo,
2854 1447 3029 1531 quim

704 1551 837 1614 sine
884 1553 1223 1617 cessatione
1270 1553 1587 1617 nobiscum
1633 1551 1743 1630 est,
1789 1571 1901 1616 nec
1948 1569 2161 1616 curam
2206 1571 2320 1616 nec
2362 1555 2733 1634 respectum,
2757 1552 2958 1616 nostri

701 1655 930 1721 habere
999 1656 1201 1721 dicis?
1268 1656 1417 1737 quid
1483 1673 1630 1737 ergo
1701 1654 1853 1720 facit
1918 1656 2281 1720 nobiscum?
2347 1656 2654 1737 numquid
2712 1658 2789 1720 ad
2844 1655 2959 1719 hoc

703 1759 1025 1824 nobiscum
1074 1762 1189 1842 est,
1237 1758 1309 1823 ut
1355 1778 1474 1824 non
1521 1759 1834 1841 respiciat,
1877 1763 1948 1823 ut
1993 1760 2334 1843 neglegat?
2377 1761 2442 1823 et
2486 1760 2791 1842 quomodo
2836 1759 2955 1825 sibi

702 1866 1036 1945 utrumque
1100 1864 1424 1940 conuenit,
1491 1864 1565 1926 ut
1610 1863 1717 1944 qui
1771 1863 1995 1944 pietati
2055 1863 2331 1945 praestat
2374 1863 2790 1946 praesentiam
2835 1864 2954 1927 im-

702 1966 924 2048 pietati
968 1968 1205 2031 tribuat
1262 1966 1611 2032 incuriam?
1688 1986 1864 2032 ecce
1932 1968 2166 2045 enim,
2233 1967 2475 2048 inquit,
2544 1968 3023 2032 uobiscumis

701 2089 866 2134 sum
936 2069 1301 2136 omnibus
1371 2071 1648 2134 diebus
1697 2089 1804 2138 ,us
1828 2089 1968 2153 que
2036 2071 2125 2135 ad
2195 2070 2952 2135 consummationem

600 2173 676 2238 11
701 2173 1028 2238 saeculi.
1106 2173 1414 2257 praeclare
1473 2174 1770 2239 uidelicet
1830 2174 2121 2238 affectum
2170 2172 2270 2237 dei
2315 2173 2801 2256 interpretamur
2823 2222 2839 2252 ‚
2900 2176 2954 2239 si

698 2295 808 2342 nos
866 2280 1323 2344 calumniamur
1377 2280 1454 2344 ab
1517 2297 1586 2343 eo
1644 2279 1874 2363 iugiter
1933 2277 2212 2360 neglegi,
2283 2295 2427 2342 cum
2484 2278 2594 2342 ille
2652 2297 2762 2342 nos
2806 2298 2843 2343 a
2886 2297 2951 2342 se

696 2381 965 2446 testetur
1029 2382 1260 2467 iugiter
1321 2402 1443 2448 non
1510 2382 1799 2465 relinqui.
1876 2381 1988 2446 ille
2047 2401 2157 2467 per
2201 2382 2319 2445 hoc
2363 2382 2681 2446 ostendere
2726 2382 2947 2461 uoluit,

697 2486 862 2567 quod
920 2506 954 2551 a
1011 2488 1188 2554 nobis
1246 2487 1469 2552 affectu
1527 2506 1599 2552 ac
1658 2486 2042 2569 protectione
2100 2487 2332 2570 iugiter
2393 2505 2516 2552 non
2584 2486 2943 2564 discederet,
2966 2503 3017 2544 20

697 2589 846 2670 quia
890 2608 927 2652 a
970 2591 1146 2656 nobis
1192 2590 1384 2655 etiam
1428 2591 1778 2673 praesentia
1806 2608 1929 2655 non
1964 2589 2227 2654 abesset.
2277 2607 2387 2654 nos
2416 2590 2483 2654 in
2514 2591 2947 2670 contemptum

693 2691 893 2756 nostri
940 2692 1221 2758 diuinam
1264 2695 1570 2759 uertimus
1631 2695 1986 2768 caritatem,
2046 2711 2156 2758 nos
2203 2694 2429 2759 amoris
2474 2691 2836 2756 testimonia
2880 2690 2947 2756 in

695 2793 821 2857 odii
867 2800 1241 2878 argumenta
1285 2800 1616 2862 mutamus,
1686 2797 1803 2864 hoc
1851 2798 2034 2876 enim,
2085 2799 2246 2878 quod
2291 2799 2681 2879 praesentem
2717 2814 2781 2859 se
2812 2813 2944 2860 esse

697 2897 869 2975 dicit,
919 2899 1045 2963 odii
1093 2899 1293 2981 magis
1339 2900 1769 2965 testimonium
1800 2919 1931 2965 esse
1962 2904 2251 2966 uolumus
2281 2918 2469 2981 quam
2504 2898 2747 2964 amoris,
2798 2917 2942 2964 nam

694 2998 748 3063 si
795 3003 1113 3066 absentem
1158 3022 1224 3068 se
1269 3004 1553 3069 dominus
1598 3005 1881 3070 futurum
1928 3022 2061 3069 esse
2106 3003 2394 3083 dixisset,
2443 3005 2647 3067 minus
2697 3005 2942 3068 causari
2962 3020 3012 3060 25

691 3102 952 3170 forsitan
1010 3107 1086 3171 de
1142 3107 1385 3173 incuria
1444 3112 1804 3192 poteramus
1864 3108 2156 3174 absentis.
2228 3107 2483 3172 maioris
2547 3108 2941 3189 contemptus

690 3225 789 3269 res
837 3212 930 3272 est
975 3210 1161 3292 atque
1206 3211 1477 3291 fastidii,
1539 3213 1592 3277 si
1640 3232 1750 3278 nos
1796 3213 2024 3296 iugiter
2068 3213 2346 3295 neglegit
2394 3211 2499 3293 qui
2544 3232 2580 3275 a
2623 3210 2798 3276 nobis
2843 3211 2941 3274 iu-

688 3309 854 3392 giter
897 3331 1017 3377 non
1061 3316 1332 3399 recedit3
1401 3321 1463 3381 et
1508 3319 1649 3400 plus
1695 3319 1763 3380 in
1809 3336 1872 3381 se
1918 3316 2042 3381 odii
2089 3317 2283 3382 nostri
2326 3316 2545 3395 habet,
2604 3317 2659 3379 si
2704 3318 2782 3380 ad
2826 3316 2942 3380 hoc

689 3433 935 3496 semper
992 3418 1319 3484 nobiscum
1376 3422 1731 3503 permanet,
1778 3424 1849 3485 ut
1898 3420 2005 3501 qui
2049 3439 2161 3486 nos
2206 3420 2555 3503 praesentia
2598 3439 2938 3503 numquam

587 3510 922 3583 12deserit
966 3540 1210 3603 semper
1254 3524 1540 3604 repudiet
1586 3524 1831 3590 affectu.
1902 3524 2005 3588 sed
2051 3524 2217 3589 absit
2263 3525 2376 3590 hoo
2420 3524 2496 3588 de
2538 3524 2817 3607 piissimo
2867 3542 2939 3588 ac
2957 3538 3010 3578 ⁸⁰

688 3623 1260 3689 misericordissimo
1320 3626 1432 3690 deo
1490 3626 1688 3705 credi,
1752 3629 1822 3691 ut
1872 3628 1950 3692 ad
1995 3628 2110 3692 hoc
2154 3647 2402 3710 semper
2449 3630 2626 3695 nobis
2672 3629 2941 3694 uoluerit

686 3723 1001 3804 adsistere,
1049 3730 1120 3790 ut
1166 3747 1275 3792 nos
1323 3729 1555 3795 maiore
1591 3729 1850 3797 fastidio
1882 3732 2207 3815 neglegere
2238 3732 2564 3797 uideretur
2595 3733 2934 3798 adsistens:

688 3825 855 3890 absit
903 3827 1017 3891 hoc
1061 3832 1264 3895 scelus
1311 3835 1449 3899 dici.
1526 3853 1707 3899 nemo
1755 3838 1951 3914 enim,
1998 3840 2179 3918 puto,
2233 3836 2335 3901 uel
2379 3836 2446 3901 in
2490 3837 2620 3902 toto
2665 3839 2937 3902 humano

888 3963 918 4015 1
955 3964 1074 4017 Act.
1113 3965 1195 4032 17,
1232 3931 1311 4020 28*
1511 3968 1541 4022 7
1577 3968 1779 4022 Matth.
1817 3968 1902 4035 28,
1939 3970 2007 4023 20

787 4081 852 4134 12
888 4083 1018 4137 facit
1054 4100 1179 4153 ergo
1215 4087 1270 4140 B
1459 4089 1525 4143 15
1559 4090 1808 4144 tribuant
1842 4091 1899 4145 B
2090 4095 2155 4147 17
2191 4093 2466 4165 uidelicet]
2504 4096 2709 4150 scilicet
2746 4097 2801 4150 Β

681 4165 750 4220 20
784 4168 863 4237 ac]
900 4172 955 4223 et
992 4170 1046 4224 B
1251 4173 1316 4228 21
1367 4175 1493 4242 quia
1527 4176 1682 4230 nobis
1719 4177 1772 4229 A
1978 4178 2045 4232 22
2091 4180 2402 4235 testimonio
2437 4182 2491 4235 B
2698 4182 2766 4236 23
2809 4181 2936 4234 mit-

681 4254 859 4307 tamus
894 4255 948 4308 B
984 4273 1054 4310 m.
1093 4262 1124 4310 1

134 4623 141 4642 f
220 4429 699 4640 s'X

114 4639 137 4818 i
746 4685 957 4818 x
