3380 4919
596 293 681 359 94
1575 284 1884 340 Saluiani

596 500 761 547 ram
830 476 1315 556 hominibus,
1384 478 1467 541 ut
1530 473 1855 540 uideant
1921 471 2094 538 filii
2160 472 2557 539 hominum
2627 491 2860 556 opera

598 587 874 650 uestra
929 584 1162 666 bona,
1222 579 1295 645 et
1337 577 1883 662 magnificent
1926 579 2237 658 patrem
2273 578 2673 662 uestrum,
2733 578 2861 659 qui

598 686 719 751 est
762 688 840 752 in
883 684 1157 763 caelis,
1227 700 1340 747 nos
1396 682 1493 747 ita
1536 681 1809 747 uiuimus
1852 699 1887 746 e
1933 680 2266 758 contrario,
2326 685 2400 746 ut
2442 681 2698 749 uideant
2740 682 2861 747 filii

598 788 926 855 hominum
971 805 1158 871 opera
1200 785 1413 854 nostra
1457 785 1627 851 mala
1674 785 1739 849 et
1783 783 2225 866 blasphement
2267 786 2513 866 patrem
2557 786 2859 868 nostrum,

597 892 706 974 qui
751 893 850 958 est
893 891 961 955 in
1006 889 1218 957 caelis.
1967 934 1970 937 >
2143 910 2146 915 ·
2902 907 2931 949 s

497 1017 577 1083 81
685 1012 895 1078 XVII.
964 1011 1136 1092 Quae
1197 1027 1340 1076 cum
1398 1007 1495 1073 ita
1553 1007 1698 1089 sint,
1764 1024 1997 1092 magna
2040 1005 2339 1073 uidelicet
2381 1009 2561 1076 nobis
2606 1028 2862 1092 praero-

598 1115 815 1200 gatiua
862 1116 937 1180 de
997 1111 1249 1180 nomine
1295 1109 1790 1178 Christianitatis
1856 1110 2132 1177 blandiri
2191 1130 2538 1194 possumus,
2606 1115 2714 1196 qui
2767 1114 2863 1182 ita

598 1220 846 1303 agimus
894 1237 966 1284 ac
1008 1217 1310 1296 uiuimus,
1357 1216 1433 1281 ut
1476 1215 1595 1280 1166
1638 1213 1775 1297 11166
1809 1214 1973 1296 quod
2002 1212 2396 1281 Christianus
2432 1218 2697 1299 populus
2728 1235 2862 1284 esse

601 1323 869 1388 dicimur
934 1321 1337 1405 obprobrium
1394 1316 1629 1383 Christi
1678 1336 1815 1383 esse
1861 1317 2206 1383 uideamur.
2279 1320 2349 1386 at
2405 1338 2439 1384 6
2481 1320 2726 1387 (1166166
2792 1320 2864 1387 16

599 1425 863 1510 paganis
931 1423 1080 1507 quid
1147 1424 1373 1489 horum
1433 1421 1641 1487 simile
1687 1438 1843 1504 quae
1887 1420 2197 1486 dicimus?
2251 1425 2574 1507 numquid
2617 1424 2741 1490 dici
2785 1425 2861 1490 de
2879 1443 2931 1484 ιο

598 1526 838 1594 01111616
880 1529 1121 1611 potest:
1172 1545 1313 1593 ecce
1359 1525 1572 1607 quales
1616 1524 1783 1602 sunt,
1829 1523 1937 1606 qui
1969 1523 2311 1592 Christiani
2352 1544 2485 1592 esse
2519 1526 2862 1593 dicuntur?

598 1632 906 1713 numquid
968 1633 1044 1697 de
1089 1629 1430 1697 Saxonibus
1490 1628 1603 1694 aut
1646 1627 1936 1693 Francis:
2004 1646 2143 1693 ecce
2203 1646 2361 1712 quae
2418 1630 2691 1709 faciunt,
2754 1632 2862 1714 qui

499 1737 583 1804 82
600 1753 665 1800 se
710 1735 1009 1799 adserunt
1053 1731 1284 1800 Christi
1329 1750 1459 1797 esse
1502 1730 1771 1796 cultores
1788 1733 1821 1794 ‘1‘
1865 1730 2171 1813 numquid
2214 1732 2466 1814 propter
2498 1731 2860 1798 Maurorum

603 1835 818 1902 efferos
873 1855 1077 1902 mores
1141 1835 1239 1901 lex
1297 1836 1693 1900 sacrosancta
1737 1833 2068 1920 culpatur?
2136 1835 2441 1916 numquid
2486 1833 2860 1918 Scytharum

603 1938 715 2005 aut
785 1937 1155 2023 Gipidarum
1228 1935 1738 2004 inhumanissimi
1812 1937 1975 2002 ritus
2049 1937 2118 2003 in
2192 1938 2599 2003 maledictum
2674 1944 2860 2022 atque
2880 1961 2933 2003 ιε

601 2040 1061 2126 blasphemiam
1126 2060 1354 2107 nomen
1422 2040 1656 2106 domini
1724 2040 2061 2105 saluatoris
2133 2041 2484 2107 inducunt?
2557 2044 2863 2127 numquid

603 2143 729 2210 dici
772 2147 847 2210 de
892 2145 1041 2210 ullis
1086 2146 1353 2211 istorum
1388 2147 1628 2228 potest:
1674 2143 1789 2208 ubi
1832 2148 1926 2209 est
1970 2143 2071 2208 lex
2115 2142 2447 2222 catholica,
2496 2163 2685 2229 quam
2730 2164 2863 2212 cre-

604 2246 806 2312 dunt?
850 2247 964 2312 ubi
1007 2249 1157 2316 sunt
1199 2247 1455 2332 pietatis
1500 2248 1564 2312 et
1608 2245 1920 2312 castitatis
1963 2250 2317 2331 praecepta,
2364 2266 2522 2330 quae
2566 2248 2866 2319 discunt?

606 2352 932 2434 euangelia
988 2352 1211 2434 legunt
1254 2352 1316 2416 et
1360 2350 1664 2434 impudici
1723 2350 1891 2431 sunt,
1960 2351 2269 2434 apostolos
2316 2352 2580 2419 audiunt
2622 2354 2686 2419 et
2729 2355 2865 2419 ine-

602 2451 906 2541 1111661111,
978 2453 1297 2522 Christum
1365 2457 1715 2538 sequuntur
1780 2454 1844 2519 61
1908 2454 2181 2539 16111661,
2248 2456 2449 2522 1111616
2515 2454 2865 2540 improbam
2880 2476 2935 2517 so

605 2562 804 2642 agunt
849 2560 914 2623 et
957 2560 1217 2641 probam
1269 2558 1481 2641 legem
1537 2557 1773 2624 habere
1816 2578 1881 2625 se
1924 2559 2161 2625 dicunt.
2235 2559 2540 2641 numquid
2591 2559 2744 2625 haec
2787 2559 2864 2625 de

603 2660 739 2726 ulla
803 2662 1071 2727 istarum
1136 2662 1418 2746 gentium
1485 2660 1607 2726 dici
1673 2664 1954 2744 queunt?
2026 2680 2150 2727 non
2216 2660 2470 2743 utique:
2545 2662 2623 2726 de
2687 2661 2865 2727 nobis

605 2762 836 2847 quippe
903 2764 1112 2830 omnia
1177 2765 1300 2831 ista
1368 2764 1687 2846 dicuntur,
1756 2767 1822 2832 in
1886 2766 2067 2832 nobis
2115 2765 2400 2832 Christus
2466 2764 2710 2847 patitur
2753 2766 2866 2832 ob-

603 2867 956 2948 probrium,
1024 2869 1090 2932 in
1155 2867 1332 2933 nobis
1401 2868 1644 2950 patitur
1710 2869 1810 2934 lex
1866 2867 2225 2934 Christiana
2290 2867 2715 2935 maledictum.
2789 2868 2865 2933 (16

605 2969 786 3035 nobis
854 2970 1025 3035 enim
1090 2971 1322 3038 dicitur
1386 2971 1566 3051 illud,
1637 2974 1802 3055 quod
1857 2990 2049 3055 supra
2092 2972 2395 3039 diximus:
2464 2990 2603 3038 ecce
2646 2972 2865 3055 quales
2884 2992 2936 3035 2⁶

503 3074 587 3141 83
609 3074 755 3137 sunt
803 3072 911 3154 qui
944 3071 1266 3140 Christum
1313 3073 1550 3140 colunt.
1612 3075 1848 3141 falsum
1891 3076 2073 3158 plane
2117 3078 2274 3142 illud
2316 3077 2430 3159 est,
2477 3076 2641 3157 quod
2687 3076 2868 3141 aiunt

708 3372 744 3426 3
790 3372 850 3426 in
879 3372 1053 3427 caelis
1099 3373 1184 3427 est
1228 3372 1284 3426 Β
1406 3379 1416 3393 ·
1486 3387 1585 3426 nos
1619 3372 1875 3428 ita—est
1906 3372 1967 3427 in
2004 3373 2165 3427 caelis
2209 3390 2313 3430 om.
2352 3372 2408 3426 Β
2438 3388 2510 3427 m.
2545 3377 2579 3426 1
2610 3372 2869 3441 suppleta

605 3473 738 3523 sunt
773 3467 837 3521 in
869 3482 1047 3538 mam.
1243 3482 1271 3520 6
1306 3468 1363 3521 A
1395 3481 1439 3521 s.
1477 3468 1512 3523 l.
1549 3483 1618 3521 m.
1655 3469 1697 3521 2
1891 3467 1974 3522 fili
2008 3467 2076 3522 B.
2273 3468 2303 3520 7
2338 3466 2577 3530 blandiri
2613 3481 2682 3522 ex
2714 3466 2868 3521 blan·

604 3562 724 3616 dire
772 3562 831 3617 A
864 3577 1006 3617 corr.
1041 3578 1112 3617 m.
1147 3566 1179 3616 1
1386 3562 1421 3615 9
1473 3561 1727 3616 uideatur
1777 3562 2078 3630 Halmius3
2132 3562 2228 3617 sed
2272 3563 2581 3617 wnanimen
2623 3561 2869 3616 omnium

606 3656 778 3711 codic.
813 3656 1153 3724 scripturam
1186 3655 1466 3710 uideamur
1497 3656 1849 3712 retinendam
1884 3663 1938 3713 et
1972 3658 2074 3712 hoc
2109 3657 2288 3727 ipsum
2321 3656 2649 3711 mutandum
2672 3657 2737 3710 in
2768 3655 2868 3709 hoc

606 3751 723 3817 ipso
750 3750 961 3818 putaui
1007 3750 1146 3818 (‘wir
1181 3749 1304 3805 sind
1337 3750 1455 3806 eine
1491 3751 1754 3807 Schmach
1787 3752 1878 3806 fur
1912 3751 2165 3808 Christus
2210 3752 2406 3823 gerade
2437 3751 2682 3807 (1611111611
2695 3792 2709 3819 ,
2747 3751 2869 3806 dass

604 3843 707 3897 wir
742 3842 995 3898 Christen
1029 3845 1280 3913 heissen')
1492 3846 1558 3901 10
1602 3846 1733 3917 quid
1780 3847 1976 3901 horum
2021 3863 2091 3902 ex
2125 3846 2409 3918 quidorum
2453 3846 2509 3901 A
2554 3861 2695 3907 corr.
2731 3863 2803 3901 m.
2830 3848 2871 3900 2

607 3938 736 3992 item
786 3938 975 3993 statim
1025 3937 1227 3995 01111616
1279 3955 1347 3994 eae
1399 3940 1612 3997 Chunos
1665 3940 1846 4009 (hunis
1901 3942 1979 4009 Β)
2234 3941 2301 3995 14
2353 3942 2625 4011 scytarum
2676 3925 2732 3995 A

611 4031 678 4086 15
729 4031 1052 4102 gipydarum
1103 4034 1204 4090 1166
1255 4036 1372 4091 loco
1424 4035 1480 4090 A
1543 4027 1865 4105 gepidarum
1908 4036 1977 4091 Β
2206 4035 2585 4091 immanissimi
2638 4035 2871 4091 11111616-
2967 4079 2971 4084 .

606 4127 800 4183 lmsius
1005 4130 1073 4186 16
1108 4128 1445 4198 blasphemia
1477 4117 1534 4185 A
1742 4132 1807 4185 19
1853 4132 2068 4202 legiunt
2111 4133 2167 4187 Β
2372 4130 2441 4185 23
2475 4111 2578 4200 1116
2604 4110 2763 4186 'nobis
2799 4145 2872 4187 ex

608 4220 669 4275 in
702 4222 858 4279 nobis
892 4227 946 4280 A
981 4241 1122 4282 corr.
1155 4242 1226 4281 m.
1263 4228 1304 4281 2
1505 4226 1576 4282 26
1611 4227 1769 4282 aiunt
1803 4242 1871 4283 em
1905 4229 2080 4297 agunt
2112 4228 2168 4281 A
2201 4242 2344 4282 corr.
2376 4242 2445 4282 m.
2481 4229 2522 4282 2

194 4529 199 4542 Γ

84 4657 91 4668 ι
110 4657 115 4670 ἶ
744 4655 751 4664 “

788 4739 889 4806 k
