3380 4919
648 253 777 318 314
1562 292 1565 297 ⁴
1623 248 1937 302 Saluiani

649 439 761 502 aut
819 454 1269 520 quaecumque,
1331 454 1491 518 quae
1548 436 1795 500 animae
1840 439 1986 499 tuae
2031 451 2104 498 ac
2147 434 2372 499 salutis
2416 435 2614 501 oblita
2657 437 2796 521 ipsa
2840 441 2905 505 te

648 540 924 605 resculis.
954 539 1082 604 tuis
1138 538 1385 621 spolias,
1443 539 1758 619 quomodo
1793 537 1858 601 in
1902 536 2113 601 futuro
2158 539 2332 618 quasi
2365 539 2633 604 'condita
2677 558 2749 605 ac
2794 559 2904 623 pa·

649 645 790 708 rata
844 642 1114 726 reperies
1161 660 1319 725 quae
1360 641 1464 705 hic
1505 642 1617 705 aut
1660 657 1784 705 non
1840 638 2265 724 indigentibus
2311 642 2425 705 aut
2469 641 2657 707 etiam
2707 642 2908 709 abun-

650 744 942 812 dantibus
987 745 1353 828 deputaris?
1398 743 1716 826 quomodo
1745 742 2057 815 reddenda
2100 742 2224 808 tibi.
2260 761 2299 808 a
2344 743 2455 808 deo
2503 745 2706 810 credis
2751 765 2908 829 quae

651 848 762 913 deo
806 848 939 929 ipse
985 866 1109 914 non
1155 848 1401 913 credis?
1444 849 1778 930 postremo,
1826 845 2131 928 quomodo
2175 845 2356 910 reddi
2399 846 2495 912 uis
2539 865 2696 930 quae
2742 850 2910 915 credi
2955 871 2983 912 5

651 969 774 1017 non
816 949 961 1016 uis?
1005 968 1186 1016 nemo
1234 950 1401 1014 enim
1447 949 1568 1013 sibi
1613 948 1775 1014 solui
1818 948 1959 1012 uult
2003 966 2159 1029 quae
2203 965 2325 1013 non
2373 951 2745 1030 commodat,
2792 971 2910 1018 nec

651 1059 787 1120 tam
830 1054 1066 1120 stultus
1112 1057 1226 1137 est,
1275 1053 1347 1117 ut
1390 1071 1557 1135 quae.
1592 1069 1715 1117 non
1744 1052 2160 1117 faenerauerit
2203 1053 2385 1133 putet
2416 1070 2547 1118 esse
2577 1054 2909 1120 reddenda.

546 1153 633 1220 45
653 1160 716 1221 et
761 1156 1018 1223 ideo‘tu
1063 1174 1453 1239 nequaquam
1489 1175 1526 1219 a
1557 1157 1671 1219 deo
1716 1155 1897 1237 quasi
1940 1155 2330 1220 reddendum·
2368 1173 2610 1237 sperare
2653 1158 2906 1240 poteris,

653 1260 818 1342 quod
864 1260 995 1326 deo.
1020 1261 1240 1342 utique
1285 1276 1407 1324 non
1452 1257 1706 1322 credens
1750 1258 2004 1322 reddere
2049 1255 2167 1322 tibi
2213 1257 2403 1322 deum
2445 1258 2576 1341 ipse
2623 1260 2910 1325 nolueriS.

652 1363 818 1428 unde
846 1408 849 1411 ι
878 1363 1237 1446 conpleatur
1298 1358 1538 1427 dictum
1582 1361 1648 1426 in
1696 1362 1760 1424 te
1813 1361 2125 1426 diuinum:
2198 1360 2344 1442 quia
2404 1362 2713 1445 reliquisti
2770 1363 2912 1429 aliis
2930 1384 2985 1424 ιο

655 1467 759 1532 uel
804 1465 1026 1531 alienis
1072 1466 1328 1531 diuitias
1374 1466 1536 1541 tuae,
1583 1464 1983 1547 sepulchrum
2032 1468 2213 1528 tuum
2258 1465 2381 1528 erit
2423 1465 2645 1531 domus
2690 1471 2803 1532 tua
2844 1467 2913 1531 in

652 1571 996 1639 aeternum.
1072 1569 1138 1632 et
1182 1568 1366 1649 illud,
1425 1568 1588 1649 quod
1647 1567 1926 1632 saluator
1984 1566 2063 1631 ad
2122 1566 2393 1631 similem
2448 1568 2543 1633 tui
2601 1568 2910 1651 loquitur:

654 1671 836 1753 quia
900 1669 1215 1752 tepidus
1274 1689 1350 1737 es
1397 1675 1471 1735 et
1528 1687 1770 1751 neque
1827 1669 2144 1736 feruens
2215 1687 2456 1752 neque
2524 1671 2907 1756 frigidus,

648 1773 1036 1855 incipiam
1075 1777 1182 1837 te
1251 1789 1559 1838 uomere
1613 1789 1701 1836 ex
1755 1789 1885 1835 ore
1950 1790 2129 1836 meo.
2209 1773 2272 1836 et
2312 1773 2470 1838 illud
2518 1775 2666 1840 dicis
2709 1769 2905 1841 ‘diues

653 1894 793 1940 sum
852 1876 915 1940 et
966 1875 1232 1942 diuitias
1290 1874 1485 1940 habeo
1533 1875 1597 1939 et
1652 1875 1888 1946 nullius
1935 1866 2103 1958 egeo'
2163 1876 2231 1939 et
2290 1878 2488 1941 neseis
2546 1877 2688 1960 quia
2729 1880 2800 1942 tu
2844 1896 2982 1943 esus

548 1975 635 2042 46
655 1979 844 2043 miser
892 1983 966 2043 et
1026 1998 1260 2063 pauper
1319 1981 1397 2043 et
1442 1996 1659 2043 caecus
1720 1981 1782 2042 et
1844 1976 2093 2042 nudus?
2167 1994 2348 2043 nemo
2419 1979 2632 2062 itaque
2682 1980 2801 2046 sibi
2843 1981 2912 2045 in

655 2082 1028 2149 testamento
1077 2103 1187 2149 suo
1232 2082 1549 2147 hominem
1582 2080 1695 2144 deo
1730 2079 2079 2163 praeferens
2111 2080 2186 2145 de
2215 2080 2387 2147 uitae
2417 2101 2490 2147 ac
2518 2084 2913 2166 professionis

653 2188 1086 2271 praerogatiua
1146 2187 1382 2270 aliquid
1438 2186 1820 2252 blandiatur.
1895 2187 2174 2269 poenalis
2220 2190 2318 2252 est
2363 2189 2601 2254 homini
2660 2207 2731 2254 ac
2773 2209 2915 2271 per—

646 2290 893 2354 niciosa
935 2293 1260 2370 securitas,
1308 2292 1744 2373 praesumptae
1789 2308 1929 2373 spes
1975 2291 2254 2355 sarcinae
2285 2294 2430 2356 sunt
2459 2291 2692 2372 reatuS,
2740 2310 2913 2356 usur·

654 2398 805 2476 pata
848 2393 1157 2461 absolutio
1202 2394 1685 2463 damnationemw
1712 2397 1915 2477 parat.
1978 2393 2352 2477 quicumque
2396 2395 2516 2461 sibi
2557 2414 2624 2461 se
2668 2398 2985 2462 excusatae

655 2498 908 2562 accusat
962 2498 1076 2562 deo
1132 2498 1478 2563 secundum
1522 2498 1714 2564 illud:
1777 2517 1951 2562 nam
1997 2501 2125 2581 qui
2171 2518 2248 2565 se
2295 2498 2705 2564 existimat
2747 2517 2914 2564 esse

655 2600 996 2682 aliquid,
1071 2619 1239 2666 cum
1314 2601 1522 2665 nihil
1595 2601 1754 2677 sit‚·
1814 2620 1891 2665 se
1961 2603 2208 2684 ipsum
2276 2603 2604 2667 seducit.
2680 2601 2914 2667 nemini

654 2706 867 2786 itaque
926 2703 1136 2768 facilis
1195 2721 1307 2768 sua
1364 2721 1549 2769 causa
1603 2706 1724 2769 sit:
1793 2705 2009 2770 nullus
2056 2704 2380 2770 difficilius
2435 2705 2669 2784 euadit,
2729 2722 2915 2786 quam

659 2806 766 2889 qui
812 2824 878 2871 se
925 2823 1260 2871 euasurum
1305 2823 1438 2870 esse
1489 2808 1991 2889 praesumpserit.

555 2940 636 3006 47
746 2942 961 3007 VIIII.
1026 2944 1199 3007 Dura
1240 2942 1393 3009 haec
1438 2943 1716 3012 forsitan
1743 2948 1928 3026 atque
1959 2947 2208 3009 austera
2238 2944 2589 3012 uideantur.
2650 2945 2985 3028 qu1dn1?2⁵

661 3047 908 3163 omnis
958 3045 1175 3161 enim
1231 3037 1726 3132 disclphna
1759 3052 1832 3111 ut
1888 3049 1977 3114 ait
2021 3064 2222 3111 sermo
2267 3046 2546 3127 diuinus,
2606 3037 2754 3111 non
2800 3051 2917 3113 est

778 3261 783 3266 ·
865 3229 936 3287 10
970 3229 1119 3285 Psah
1149 3231 1297 3344 48Μ
1375 3231 1483 3286 13
1505 3232 1774 3302 Apoc.3,
1814 3231 1879 3287 16
1981 3253 1984 3266 ·
2075 3233 2140 3287 21
2178 3232 2299 3288 Gal.
2335 3232 2386 3300 6,
2421 3235 2456 3287 3
2648 3235 2717 3289 26
2751 3235 2917 3291 Hebr.

542 3317 887 3452 31211
1009 3342 1012 3354 ¹
1108 3337 1347 3368 1-1:
1554 3363 1559 3368 .

762 3489 796 3543 3
841 3453 1103 3574 repperies
1148 3491 1221 3562 A
1398 3443 1862 3564 habundantibus
1902 3447 1958 3543 Β
2163 3490 2198 3543 5
2243 3491 2360 3559 ipsa
2391 3433 2813 3568 Βιιιενεήιιεὰιε
2856 3463 2919 3564 ιιι

657 3569 835 3644 supra
867 3580 918 3640 5.
954 3579 1054 3643 443
1097 3559 1159 3630 αι
1194 3575 1297 3641 cfr.
1332 3570 1382 3639 5.
1419 3576 1492 3629 45
1524 3574 1624 3643 fin.
1829 3574 1975 3629 credi
2020 3574 2307 3630 Halmius:
2362 3576 2514 3630 reddi
2557 3578 2613 3630 A
2665 3575 2818 3631 rendi
2861 3561 2919 3632 Β

659 3661 869 3715 credere
927 3661 1008 3717 ed.
1068 3661 1341 3716 Balwzius
1393 3664 1537 3727 (cum
1582 3662 1644 3731 b,
1692 3663 1757 3715 in
1801 3677 1908 3730 quo
1954 3677 1996 3716 ε.
2032 3661 2183 3716 reddi
2226 3678 2328 3718 scr.
2376 3669 2457 3719 est
2489 3663 2515 3716 1
2551 3665 2779 3729 credere)

659 3746 689 3799 7
747 3746 1069 3801 fenerauerit
1120 3748 1176 3802 Β
1384 3748 1416 3801 9
1469 3747 1571 3817 ipsi
1626 3747 1682 3801 Β
1894 3747 1959 3801 10
2005 3747 2254 3803 diuinum
2296 3749 2438 3803 illud
2472 3765 2681 3804 necesse
2716 3754 2798 3804 est
2833 3750 2917 3806 ed.

659 3833 938 3887 Baluzius
1111 3835 1178 3887 13
1214 3850 1269 3887 es
1303 3835 1377 3903 et]
1417 3836 1555 3888 esset
1588 3836 1644 3888 A
1681 3839 1734 3889 et
1770 3834 1869 3889 alt.
1907 3850 1932 3887 s
1968 3841 2159 3903 pwnct.
2194 3835 2250 3889 Β
2422 3836 2486 3889 14
2520 3852 2761 3891 enomere
2797 3853 2919 3892 cwm

651 3932 696 3986 p
719 3911 920 3973 et-edd.
945 3919 1210 3973 Halmius
1254 3947 1257 3952 ·
1325 3953 1329 3957 -
1402 3920 1475 3973 16*
1495 3925 1624 3989 post
1659 3919 1766 3974 sibi
1804 3915 2004 3988 add.'p
2042 3925 2094 3974 et
2130 3920 2251 3975 edd.
2282 3926 2416 3976 ante
2437 3923 2658 3976 Halm.-
2693 3922 2750 3975 in
2786 3909 2918 3987 uita,

658 4003 914 4068 inmore,
951 4002 1008 4056 in
1044 4003 1185 4069 actu,
1218 4006 1278 4057 ‘in
1316 4000 1453 4058 done
1659 3995 1734 4059 17*
1759 3994 2102 4074 professionis
2139 4021 2206 4060 ex
2243 4021 2361 4061 -nes
2396 4001 2627 4062 corrstm.
2654 4011 2695 4062 2
2719 4009 2784 4061 ‘A
2887 3997 2890 4002 ’

661 4089 726 4142 18
762 4089 1201 4157 perniciosissimi
1236 4090 1318 4147 εῶ.
1357 4090 1681 4146 Bawziusq-
1797 4099 1800 4128 ῑ
1841 4091 1906 4144 19
1941 4093 2219 4160 usurpatio
2253 4094 2309 4147 A
2419 4111 2426 4114 ¹
2487 4093 2584 4147 Ἄ)
2617 4096 2834 4149 excusat
2859 4081 2923 4148 'se

658 4175 832 4244 siquis
858 4176 1305 4243 transpositionis
1328 4175 1534 4231 additis
1559 4177 1614 4230 Β
1786 4176 1848 4232 21
1878 4181 2121 4233 accussat
2142 4180 2197 4231 A
2369 4179 2438 4234 25
2460 4171 2705 4234 forsitam
2730 4183 2786 4235 A

127 4435 737 4806 x,
