3380 4919
1185 330 1263 383 ad
1299 331 1655 385 ecclesiam
1700 331 1728 384 I
1764 335 1793 394 ξ
1827 331 2049 384 43-49.
2615 330 2741 396 239

489 526 604 602 est,
651 528 723 589 ut
767 521 1012 589 morbos
1058 537 1201 585 suos
1246 520 1614 603 languentes
1662 519 1975 597 horreant,
2037 537 2251 583 curare
2297 518 2513 600 plagas
2560 518 2737 582 festi-

478 627 630 691 nent
696 626 892 692 saucii
938 627 1002 688 et
1044 623 1190 688 ilico
1236 641 1268 686 e
1332 623 1690 705 corporibus
1763 623 2028 705 sagittas
2096 622 2346 704 rapiant
2401 622 2738 687 uulnerati.

480 729 712 812 optime
778 728 947 795 enim
1014 727 1330 809 malagma
1397 725 1498 789 uel
1564 724 1759 789 fibula
1826 724 2042 789 calidis
2107 723 2310 788 adhuc
2366 722 2738 788 uulneribus

478 834 816 914 inponitur,
864 833 928 896 et
973 830 1162 896 citius
1209 828 1331 893 sibi
1376 828 1708 910 plagarum
1753 844 1892 891 caro
1939 827 2233 908 sociatur,
2282 844 2438 907 quae
2469 844 2591 890 non
2637 828 2741 891 diu

432 936 651 1000 shiare
721 934 1128 1016 permittitur.
1200 933 1375 996 ulcus
1438 931 1666 1012 quippe
1725 931 1789 993 in
1853 949 2120 1011 corpore,
2189 929 2243 993 si
2289 928 2740 1011 conputruerit‚

480 1038 804 1115 dilatatur,
872 1041 935 1102 et
993 1037 1048 1101 si
1105 1035 1322 1117 plagas
1386 1051 1714 1098 cancroma
1769 1036 2069 1114 sequitur,
2139 1051 2433 1097 cancrum
2495 1050 2741 1097 necesse

482 1144 578 1205 est
624 1143 1034 1222 consequatur
1082 1155 1349 1202 occasus.
1407 1137 1705 1220 fugienda
1748 1139 1959 1218 itaque
2004 1138 2278 1219 primum
2325 1136 2477 1199 haec
2521 1152 2742 1216 pecca·
2760 1133 2842 1199 47

483 1244 719 1308 toribus
776 1244 948 1307 mala
1004 1242 1152 1305 sunt
1209 1259 1319 1306 nec
1378 1241 1618 1305 dandus
1679 1238 1927 1304 diabolo
1974 1241 2182 1314 locuS‚'
2227 1244 2300 1303 ut
2344 1241 2454 1320 qui
2500 1241 2741 1303 stantes

480 1345 713 1428 inpulit
770 1347 836 1409 in
897 1346 1144 1410 ruinam
1206 1343 1408 1425 lapsos
1468 1343 1841 1426 praecipitet
1885 1345 1949 1408 in
1996 1346 2280 1408 mortem.
2357 1340 2577 1423 quodsi
2633 1344 2742 1406 aut

412 1470 465 1511 ιο
482 1450 663 1513 tanta
706 1450 803 1513 uis
845 1447 1052 1513 morbi
1097 1452 1208 1512 aut
1252 1451 1431 1512 tanta
1477 1450 1874 1531 aegrotorum
1919 1447 2111 1511 fuerit
2153 1446 2412 1522 incuria,
2458 1446 2534 1509 ut
2579 1446 2742 1510 uali-

480 1550 719 1615 tudinis
766 1550 972 1614 labem
1018 1568 1212 1631 usque
1260 1553 1335 1615 ad
1369 1550 1496 1614 dies
1544 1550 1799 1615 ultimos
1830 1550 2063 1627 trahat,
2112 1549 2262 1631 quid
2296 1549 2496 1613 dicam
2534 1548 2740 1612 nescio

482 1654 632 1735 quid
675 1653 1048 1734 promittam
1094 1654 1344 1734 penitus
1374 1653 1615 1734 ignoro.
1662 1671 1952 1718 reuocare
1985 1653 2062 1717 ab
2095 1652 2495 1734 inquisitione
2530 1651 2742 1716 ultimi

482 1759 738 1822 remedii
794 1758 1215 1840 periclitantes
1273 1757 1499 1821 durum
1545 1760 1608 1820 et
1665 1757 1966 1838 impium‚·
2012 1757 2309 1838 spondere
2367 1757 2578 1819 autem
2623 1753 2741 1817 ali-

483 1862 628 1942 quid
688 1863 750 1925 in
814 1866 946 1926 tam
1003 1880 1140 1926 sera
1202 1863 1515 1926 curatione
1572 1861 1995 1925 temerarium.
2075 1861 2182 1923 sed
2240 1860 2464 1923 melius
2526 1863 2741 1923 tamen
2758 1853 2841 1918 48

414 1988 465 2031 ιε
485 1968 600 2027 estv
644 1963 887 2045 absque-
942 1965 1130 2030 dubio
1198 1964 1486 2045 quamuis
1548 1965 1845 2028 diuturna
1913 1963 2181 2046 paralysi
2236 1963 2453 2027 ,aridas
2521 1979 2740 2026 manus

484 2067 690 2148 aliquo
736 2071 943 2131 tamen
991 2067 1132 2131 nisu
1176 2068 1255 2131 ad
1300 2067 1548 2131 caelum
1593 2066 1751 2149 erigi
1783 2085 1972 2147 quam
2015 2065 2200 2131 letali
2242 2064 2492 2146 penitus
2524 2065 2738 2145 despe-

480 2170 718 2233 ratione
764 2168 1058 2234 dissolui:
1106 2169 1331 2232 melius
1376 2172 1471 2232 est
1517 2168 1681 2232 nihil
1717 2169 2117 2250 inexpertum
2154 2169 2503 2249 relinquere
2549 2187 2739 2249 quam

482 2273 854 2337 morientem
909 2272 1084 2337 nulla
1140 2282 1374 2349 curare,
1431 2272 1702 2337 maxime
1760 2272 1908 2352 quia
1951 2272 2153 2336 nescio
2200 2289 2280 2334 an
2324 2271 2398 2337 in>
2439 2271 2736 2335 extremis

481 2375 720 2457 aliquid
777 2377 1088 2457 temptare
1145 2373 1457 2439 medicina
1499 2374 1604 2453 sit,
1666 2378 1833 2439 certe
1893 2373 2050 2439 nihil
2095 2377 2404 2455 temptare
2447 2373 2739 2454 perditio.

408 2503 466 2543 20
481 2484 541 2543 et
586 2499 779 2544 unum
824 2481 970 2556 scio,
1017 2479 1178 2562 quod
1224 2479 1597 2560 quicumque
1639 2480 1707 2542 in
1737 2480 1895 2544 hanc
1923 2478 2241 2546 miseriam
2274 2478 2440 2560 longi
2470 2478 2732 2560 languo-

475 2582 561 2646 ris
620 2583 896 2647 extrema
951 2583 1308 2663 perduxerit
1374 2583 1690 2649 ineffabile
1753 2584 1929 2650 dictu
1990 2587 2085 2648 est
2144 2585 2450 2666 quantum
2495 2583 2733 2648 lamen-

481 2684 742 2750 tationis
789 2685 1096 2751 erroribus
1143 2688 1270 2751 suis
1319 2686 1558 2764 debeat,
1620 2688 1728 2768 qui
1779 2699 2125 2769 numquam
2172 2688 2377 2752 errata
2423 2686 2734 2768 cognouit.

496 2847 501 2854 -
548 2805 645 2869 -X.
709 2808 790 2871 Et
834 2807 983 2888 quid
1027 2805 1192 2870 inter
1221 2806 1371 2872 haec
1402 2808 1563 2871 fiet?
1604 2807 1851 2889 quando
1883 2806 2268 2891 lugebitqui
2300 2806 2432 2871 dies
2479 2803 2739 2889 lugendi
2757 2802 2841 2868 49

481 2907 799 2990 perdidit?
857 2910 1101 2991 quando
1146 2909 1497 2974 satisfaciet
1542 2913 1648 2990 qui
1693 2912 1942 2992 tempus
1989 2909 2432 2974 satisfactionis
2478 2907 2739 2973 amisit?

406 3037 465 3077 25
481 3015 558 3077 ad
605 3012 836 3076 ieiunia
878 3013 1174 3076 uidelicet
1221 3014 1410 3095 longa
1454 3011 1795 3096 confugiet.
1870 3015 1968 3077 est
2024 3013 2275 3095 quidem
2321 3013 2435 3077 hoc
2480 3009 2736 3093 aliquid,

482 3115 536 3178 si
582 3114 984 3197 eleemosynis
1015 3119 1375 3193 misceatur,
1425 3115 1769 3179 secundum
1814 3116 2007 3180 illud:
2053 3115 2332 3180 bonum
2377 3114 2736 3179 estdeiu-

482 3218 691 3281 nium
767 3235 935 3282 cum
1009 3222 1526 3301 eleemosyna.
1626 3218 1735 3282 sed
1803 3218 2106 3300 quomodo
2173 3220 2228 3282 ei
2294 3218 2735 3300 exomologesis

483 3322 776 3386 diuturna
823 3319 1232 3402 opitulabitur
1277 3322 1340 3384 in
1387 3323 1683 3385 extremis
1730 3320 1899 3387 sito?
1945 3325 2050 3386 sed
2083 3321 2286 3385 cilicio
2334 3338 2551 3385 carnes
2598 3338 2737 3384 con-

480 3424 648 3489 teret
701 3442 776 3488 ac
834 3424 1055 3489 fauilla
1111 3428 1175 3489 et
1233 3424 1435 3488 cinere
1493 3423 1857 3502 sordidabit,
1924 3427 1994 3489 ut
2048 3424 2392 3489 mollitiem
2444 3422 2738 3488 uidelicet

684 3636 753 3690 26
799 3634 931 3688 Tob.
972 3635 1054 3701 12,
1089 3637 1124 3690 8

581 3832 616 3886 2
649 3833 799 3888 illico
832 3834 887 3888 Β
1092 3834 1127 3886 6
1146 3831 1366 3888 dilatur
1400 3833 1457 3886 B
1663 3834 1694 3887 7
1729 3838 1817 3888 est
1853 3849 1976 3886 cum
2012 3836 2267 3901 sequatur
2302 3834 2357 3887 Β
2552 3835 2586 3887 8
2623 3833 2736 3887 dia-

480 3919 608 3973 bulo
643 3921 699 3972 A
896 3919 961 3973 10
994 3918 1328 3973 ualetudinis
1365 3934 1434 3974 ex
1465 3920 1624 3975 ualit.
1660 3934 1802 3975 corr.
1835 3935 1907 3972 m.
1930 3924 1968 3973 2
1999 3920 2055 3972 A
2250 3920 2314 3973 11
2352 3920 2509 3989 usqui
2545 3920 2600 3974 B

482 4004 547 4058 12
594 4005 842 4073 poenitus
876 4004 929 4057 Β
970 4014 975 4018 ’
1137 4004 1202 4059 15
1246 4003 1472 4073 paralisi
1519 4005 1576 4059 B
1784 4005 1851 4058 16
1885 4005 2104 4058 tandem
2133 4020 2243 4073 pro
2276 4008 2463 4059 tamen·
2497 4006 2581 4059 ed.
2618 4006 2735 4059 Ba-

474 4090 659 4145 luzius
831 4090 1191 4159 disperatione
1224 4090 1336 4147 AB
1509 4090 1577 4145 22
1613 4091 1731 4160 qui]
1768 4090 1895 4159 quia
1925 4107 1966 4159 p
2000 4092 2131 4157 fort.
2154 4097 2296 4146 recte
2478 4092 2547 4146 24
2582 4093 2739 4147 satis·

478 4175 806 4231 factionibus
851 4177 908 4230 B
1122 4176 1190 4230 26
1238 4177 1554 4246 elemosynis
1597 4177 1653 4231 A
1707 4176 2017 4246 elymosinis
2064 4178 2119 4232 Β
2322 4178 2389 4232 27
2433 4180 2739 4248 elemosyna

478 4263 535 4315 A
588 4262 887 4332 elymosina
920 4263 978 4316 Β
1183 4263 1588 4332 exomologessis
1622 4264 1678 4317 Β
2603 4305 2606 4308 -
