3380 4919
1179 1077 1245 1188 S
1279 1073 1363 1187 Α
1388 1075 1466 1186 L
1495 1075 1582 1185 V
1618 1075 1667 1185 Ι
1705 1076 1789 1186 A
1824 1072 1912 1185 N
1947 1074 1996 1184 Ι

608 1312 751 1410 DE
818 1309 1672 1411 GVBERNATIONE
1734 1306 1921 1407 DEI
1985 1306 2276 1407 LIBRI
2340 1306 2568 1406 VIII.

1441 1555 1747 1565 -0-—-—-——-

1314 1742 1570 1826 PRAE
1578 1741 1885 1825 FATIO.

565 1948 788 2015 Sancto
835 1950 1115 2032 episcopo
1164 1950 1413 2016 Salonio
1458 1950 1791 2016 Saluianus
1837 1950 2103 2014 salutem
2148 1949 2214 2013 in
2261 1951 2529 2016 domino.
2746 1954 2779 2016 1

435 2094 461 2133 5
565 2068 794 2134 Omnes
839 2071 1170 2135 admodum
1226 2072 1534 2150 homineS,
1595 2071 1702 2154 qui
1755 2071 2067 2154 pertinere
2113 2071 2191 2135 ad
2235 2071 2493 2136 humani
2539 2069 2725 2136 officii

481 2173 788 2237 culturam
835 2174 1300 2250 existimarunt,
1360 2177 1432 2238 ut
1477 2175 1725 2256 aliquod
1770 2174 2131 2257 linguarum
2177 2191 2328 2255 opus
2373 2174 2580 2238 studio
2626 2175 2725 2238 in-

480 2278 803 2358 geniorum
861 2277 1265 2355 excuderent,
1326 2277 1393 2341 id
1437 2276 1697 2358 speciali
1761 2294 1906 2341 cura
1966 2276 2364 2341 elaborarunt
2425 2278 2529 2355 ut,
2592 2276 2725 2340 siue

481 2378 672 2443 utiles
720 2397 818 2442 res
849 2397 921 2444 ac
950 2382 1168 2463 probas
1213 2380 1345 2444 siue
1392 2381 1647 2445 inutiles
1693 2383 1879 2462 atque
1907 2378 2220 2463 improbas
2252 2378 2399 2443 stilo
2431 2382 2725 2456 texerent,

484 2483 704 2547 seriem
763 2483 1012 2547 tantum
1071 2503 1277 2548 rerum
1339 2485 1540 2549 nitore
1585 2486 1915 2550 uerborum
1959 2483 2364 2547 inlustrarent
2409 2483 2729 2565 causisque

417 2608 468 2648 10
484 2586 638 2668 ipsis
701 2604 851 2668 quas
911 2588 1080 2668 loqui
1138 2587 1376 2652 uellent
1420 2586 1728 2669 loquendo
1773 2587 1980 2651 lucem
2024 2587 2445 2650 accenderent.
2521 2585 2730 2668 itaque

490 2689 567 2752 ad
613 2688 771 2753 hanc
815 2706 880 2753 se
937 2689 1180 2771 partem
1242 2710 1314 2754 ex
1372 2694 1635 2772 utroque
1697 2709 1919 2772 genere
1982 2689 2338 2754 litterarum
2399 2689 2732 2771 scriptores

491 2794 903 2862 mundialium
962 2796 1353 2876 negotiorum
1410 2793 1664 2876 plurimi
1726 2794 2154 2876 contulerunt,
2217 2811 2341 2857 non
2387 2792 2542 2858 satis
2588 2810 2734 2857 con-

492 2898 865 2976 sideranteS,
912 2915 1096 2979 quam
1144 2896 1566 2979 probabilibus
1613 2897 1891 2962 materiis
1935 2915 2001 2962 se
2045 2897 2507 2980 impenderent,
2555 2896 2736 2959 dum-

596 3136 754 3190 1-4
807 3136 869 3189 In
915 3137 1015 3190 hoc
1066 3136 1240 3191 codice
1293 3137 1632 3192 eontinentur
1681 3137 1853 3191 sancti
1899 3136 2141 3190 Saluiani
2190 3136 2417 3204 episcopi
2466 3134 2592 3188 libri
2642 3150 2738 3187 nu·

493 3237 638 3276 mero
682 3225 802 3276 octo
851 3222 965 3276 dati
1011 3222 1076 3276 ad
1126 3225 1367 3277 sanctum
1403 3223 1676 3277 Salonium
1728 3222 2043 3291 episcopum.
2104 3221 2182 3274 De
2220 3219 2603 3290 gubernatione
2638 3219 2740 3273 dei.

495 3307 695 3376 Incipit
749 3307 886 3361 liber
941 3308 1144 3377 primus
1204 3312 1390 3363 sancto
1445 3310 1683 3377 episcopo
1745 3309 1828 3375 (in
1879 3323 2053 3376 mary.
2108 3306 2321 3360 Salonio
2376 3304 2508 3360 add.
2563 3321 2633 3359 m.
2680 3308 2740 3371 2)

498 3393 781 3448 Saluianus
816 3394 873 3447 in
910 3394 1123 3449 domino
1159 3397 1430 3465 episcopus
1465 3395 1707 3449 salutem.
1762 3394 1954 3449 Omnes
1989 3391 2277 3447 admodum
2314 3397 2409 3447 etc.
2446 3392 2527 3454 Β;
2574 3406 2741 3459 prae-

497 3488 652 3536 terea
700 3483 764 3535 in
815 3482 996 3537 eodem
1049 3481 1162 3537 cod.
1221 3482 1438 3537 adiecta
1487 3488 1617 3537 sunt
1666 3482 1828 3536 haec.-
1895 3481 1971 3535 De
2030 3481 2175 3534 iusto
2234 3478 2320 3532 dei
2375 3478 2746 3547 praesentique

501 3566 700 3621 iudicio
753 3567 1020 3639 incipiunt
1072 3568 1277 3639 dialogi
1332 3568 1662 3638 disputantis
1700 3570 1854 3636 (uoce
1890 3567 2217 3637 disputantis
2253 3581 2295 3620 s.
2332 3566 2369 3620 Ι.
2407 3563 2589 3633 aad.);
2648 3562 2745 3618 sed

501 3655 721 3723 siqnwm
766 3654 1040 3725 quoddam
1073 3672 1143 3710 m.
1179 3658 1219 3710 2
1264 3656 1544 3724 adpictum
1587 3655 1721 3709 haec
1765 3655 1940 3708 uerba
1965 3659 2095 3723 post
2124 3650 2536 3721 praefationem
2572 3650 2747 3705 locum

501 3756 665 3794 suam
708 3741 903 3795 habere
946 3741 1185 3808 indicat,
1230 3742 1325 3796 ubi
1369 3740 1555 3796 eadem
1590 3741 1757 3794 etiam
1790 3741 1854 3793 i‘n
1889 3740 1944 3793 Α.
1977 3739 2249 3808 leguntur.
2314 3736 2564 3791 Ceterum
2597 3737 2660 3790 ivi
2693 3737 2748 3790 Α.

506 3827 654 3881 deest
688 3828 980 3897 inscriptio
1014 3829 1196 3897 operis
1231 3833 1282 3882 et
1308 3827 1595 3896 praefatio
1628 3843 1800 3895 usque
1836 3825 1911 3881 ad
1945 3824 2147 3879 uerba.-
2201 3823 2298 3876 Sin
2336 3824 2515 3875 autem
2552 3821 2606 3875 id
2643 3837 2750 3876 non

507 3914 823 3982 prouenerit.
879 3916 970 3969 De
1016 3915 1144 3970 aliis
1188 3914 1642 3983 &ascriptionibus
1676 3916 1855 3982 eisque
1888 3910 2239 3979 interpolatis
2273 3907 2344 3974 cf.
2383 3923 2524 3976 quae
2559 3908 2749 3976 dispu-

507 4003 752 4056 tavimus
806 4003 870 4055 in
928 4001 1181 4071 Sitzanys
1201 4031 1224 4041 -
1245 4002 1504 4056 Berichte
1555 4000 1654 4054 der
1706 4001 1759 4060 k.
1813 3998 1993 4053 Alcaei.
2047 3996 2097 4051 d.
2161 3996 2325 4052 Wiss.
2395 3995 2560 4050 Wien
2613 3998 2752 4048 1881

504 4103 562 4156 p.
599 4092 635 4142 4
657 4105 713 4144 u.
740 4092 774 4141 7
980 4089 1013 4141 6
1049 4087 1378 4156 linguarum]
1418 4087 1692 4155 singulare
1728 4085 1865 4140 coni.
1903 4083 2067 4138 Nolte
2101 4082 2163 4134 in
2198 4080 2428 4135 Zeitsch.
2466 4081 2509 4145 f.
2552 4079 2639 4133 Oe.
2683 4078 2751 4132 G.

508 4178 650 4229 1879
676 4191 738 4243 p.
763 4178 899 4242 618,·
936 4174 1030 4228 sed
1064 4173 1134 4240 cf.
1179 4173 1304 4228 VII
1316 4177 1412 4227 16:
1469 4173 1781 4242 linguarum
1818 4168 2100 4240 gymnasia
2136 4168 2221 4222 uel
2258 4182 2465 4220 morum
2503 4170 2556 4219 et
2592 4164 2751 4221 Sita.-

509 4259 639 4314 Ber.
670 4277 732 4329 p.
772 4265 811 4315 8
1014 4261 1047 4314 9
1093 4262 1312 4313 tantum
1347 4275 1480 4313 era-3.
1517 4260 1580 4312 in
1613 4259 1668 4311 B

613 4363 770 4425 vm.
1978 4317 1998 4326 ’
2511 4355 2540 4406 1
