<?xml version="1.0" encoding="UTF-8"?>
<!DOCTYPE html PUBLIC "-//W3C//DTD XHTML 1.0 Transitional//EN"
    "http://www.w3.org/TR/xhtml1/DTD/xhtml1-transitional.dtd">
<html xmlns="http://www.w3.org/1999/xhtml" xml:lang="en" lang="en">
 <head>
  <title>
</title>
<meta http-equiv="Content-Type" content="text/html;charset=utf-8" />
  <meta name='ocr-system' content='tesseract 3.04.00' />
  <meta name='ocr-capabilities' content='ocr_page ocr_carea ocr_par ocr_line ocrx_word'/>
</head>
<body>
  <div class='ocr_page' id='page_1' title='image "./operaomnia07paulgoog_0108.png"; bbox 0 0 3380 4919; ppageno 0'>
   <div class='ocr_carea' id='block_1_1' title="bbox 640 336 1925 413">
    <p class='ocr_par' dir='ltr' id='par_1_1' title="bbox 640 336 1925 413">
     <span class='ocr_line' id='line_1_1' title="bbox 640 336 1925 413; baseline -0.003 -18"><span class='ocrx_word' id='word_1_1' title='bbox 640 346 726 413; x_wconf 83' lang='grc'>86</span> <span class='ocrx_word' id='word_1_2' title='bbox 1619 336 1925 394; x_wconf 84' lang='lat' dir='ltr'>Saluiani</span> 
     </span>
    </p>
   </div>
   <div class='ocr_carea' id='block_1_2' title="bbox 528 525 2972 3320">
    <p class='ocr_par' dir='ltr' id='par_1_2' title="bbox 528 525 2972 3320">
     <span class='ocr_line' id='line_1_2' title="bbox 643 525 2905 613; baseline -0.003 -15"><span class='ocrx_word' id='word_1_3' title='bbox 643 532 941 613; x_wconf 83' lang='lat' dir='ltr'>dicimur,</span> <span class='ocrx_word' id='word_1_4' title='bbox 999 529 1053 594; x_wconf 88' lang='lat' dir='ltr'>si</span> <span class='ocrx_word' id='word_1_5' title='bbox 1097 528 1304 594; x_wconf 89' lang='lat' dir='ltr'>simile</span> <span class='ocrx_word' id='word_1_6' title='bbox 1350 526 1590 610; x_wconf 88' lang='lat' dir='ltr'>aliquid</span> <span class='ocrx_word' id='word_1_7' title='bbox 1645 527 2051 593; x_wconf 86' lang='lat' dir='ltr'>barbarorum</span> <span class='ocrx_word' id='word_1_8' title='bbox 2106 525 2577 610; x_wconf 86' lang='lat' dir='ltr'>impuritatibus</span> <span class='ocrx_word' id='word_1_9' title='bbox 2622 527 2905 608; x_wconf 88' lang='lat' dir='ltr'>facimus,</span> 
     </span>
     <span class='ocr_line' id='line_1_3' title="bbox 643 629 2904 723; baseline -0.002 -22"><span class='ocrx_word' id='word_1_10' title='bbox 643 635 905 723; x_wconf 86' lang='lat' dir='ltr'>grauius</span> <span class='ocrx_word' id='word_1_11' title='bbox 947 650 1256 711; x_wconf 82' lang='lat' dir='ltr'>erramus3</span> <span class='ocrx_word' id='word_1_12' title='bbox 1304 631 1577 697; x_wconf 87' lang='lat' dir='ltr'>atrocius</span> <span class='ocrx_word' id='word_1_13' title='bbox 1622 632 1791 696; x_wconf 90' lang='lat' dir='ltr'>enim</span> <span class='ocrx_word' id='word_1_14' title='bbox 1829 631 1946 696; x_wconf 88' lang='lat' dir='ltr'>sub</span> <span class='ocrx_word' id='word_1_15' title='bbox 1977 631 2175 695; x_wconf 89' lang='lat' dir='ltr'>sancti</span> <span class='ocrx_word' id='word_1_16' title='bbox 2220 629 2489 696; x_wconf 88' lang='lat' dir='ltr'>nominis</span> <span class='ocrx_word' id='word_1_17' title='bbox 2531 630 2904 713; x_wconf 66' lang='lat' dir='ltr'><strong>professione</strong></span> 
     </span>
     <span class='ocr_line' id='line_1_4' title="bbox 641 733 2900 823; baseline -0.003 -18"><span class='ocrx_word' id='word_1_18' title='bbox 641 755 990 823; x_wconf 76' lang='lat' dir='ltr'><strong>peccamus.</strong></span> <span class='ocrx_word' id='word_1_19' title='bbox 1059 735 1171 802; x_wconf 89' lang='lat' dir='ltr'>ubi</span> <span class='ocrx_word' id='word_1_20' title='bbox 1228 733 1559 801; x_wconf 83' lang='lat' dir='ltr'>sublimior</span> <span class='ocrx_word' id='word_1_21' title='bbox 1618 735 1715 798; x_wconf 89' lang='lat' dir='ltr'>est</span> <span class='ocrx_word' id='word_1_22' title='bbox 1772 733 2226 816; x_wconf 85' lang='lat' dir='ltr'>praerogatiua,</span> <span class='ocrx_word' id='word_1_23' title='bbox 2286 734 2485 799; x_wconf 90' lang='lat' dir='ltr'>maior</span> <span class='ocrx_word' id='word_1_24' title='bbox 2540 735 2635 799; x_wconf 90' lang='lat' dir='ltr'>est</span> <span class='ocrx_word' id='word_1_25' title='bbox 2689 734 2900 818; x_wconf 78' lang='lat' dir='ltr'>culpa3</span> 
     </span>
     <span class='ocr_line' id='line_1_5' title="bbox 638 836 2897 925; baseline 0 -21"><span class='ocrx_word' id='word_1_26' title='bbox 638 840 777 925; x_wconf 91' lang='lat' dir='ltr'>ipsa</span> <span class='ocrx_word' id='word_1_27' title='bbox 834 840 1004 906; x_wconf 88' lang='lat' dir='ltr'>enim</span> <span class='ocrx_word' id='word_1_28' title='bbox 1061 856 1298 904; x_wconf 88' lang='lat' dir='ltr'>errores</span> <span class='ocrx_word' id='word_1_29' title='bbox 1344 839 1588 903; x_wconf 87' lang='lat' dir='ltr'>nostros</span> <span class='ocrx_word' id='word_1_30' title='bbox 1647 836 1891 922; x_wconf 87' lang='lat' dir='ltr'>religio,</span> <span class='ocrx_word' id='word_1_31' title='bbox 1950 854 2140 919; x_wconf 84' lang='lat' dir='ltr'>quam</span> <span class='ocrx_word' id='word_1_32' title='bbox 2183 837 2568 919; x_wconf 88' lang='lat' dir='ltr'>profitemur,</span> <span class='ocrx_word' id='word_1_33' title='bbox 2630 840 2897 904; x_wconf 85' lang='lat' dir='ltr'>accusat.</span> 
     </span>
     <span class='ocr_line' id='line_1_6' title="bbox 639 939 2972 1024; baseline -0.005 -13"><span class='ocrx_word' id='word_1_34' title='bbox 639 944 1032 1011; x_wconf 82' lang='lat' dir='ltr'>criminosior</span> <span class='ocrx_word' id='word_1_35' title='bbox 1087 942 1185 1007; x_wconf 91' lang='lat' dir='ltr'>est</span> <span class='ocrx_word' id='word_1_36' title='bbox 1238 942 1370 1007; x_wconf 90' lang='lat' dir='ltr'>eius</span> <span class='ocrx_word' id='word_1_37' title='bbox 1430 939 1857 1024; x_wconf 85' lang='lat' dir='ltr'>impudicitia,</span> <span class='ocrx_word' id='word_1_38' title='bbox 1925 940 2033 1023; x_wconf 87' lang='lat' dir='ltr'>qui</span> <span class='ocrx_word' id='word_1_39' title='bbox 2094 941 2456 1023; x_wconf 76' lang='lat' dir='ltr'>promiserit</span> <span class='ocrx_word' id='word_1_40' title='bbox 2521 943 2897 1018; x_wconf 80' lang='lat' dir='ltr'>castitatem,</span> <span class='ocrx_word' id='word_1_41' title='bbox 2941 959 2972 1000; x_wconf 65' lang='grc' dir='ltr'>ε</span> 
     </span>
     <span class='ocr_line' id='line_1_7' title="bbox 532 1040 2902 1123; baseline -0.003 -7"><span class='ocrx_word' id='word_1_42' title='bbox 532 1050 622 1116; x_wconf 86' lang='grc'>59</span> <span class='ocrx_word' id='word_1_43' title='bbox 640 1046 881 1114; x_wconf 87' lang='lat' dir='ltr'>foedius</span> <span class='ocrx_word' id='word_1_44' title='bbox 944 1044 1290 1110; x_wconf 85' lang='lat' dir='ltr'>inebriatur</span> <span class='ocrx_word' id='word_1_45' title='bbox 1357 1040 1760 1108; x_wconf 87' lang='lat' dir='ltr'>sobrietatem</span> <span class='ocrx_word' id='word_1_46' title='bbox 1789 1041 2022 1106; x_wconf 46' lang='lat' dir='ltr'>*fronte</span> <span class='ocrx_word' id='word_1_47' title='bbox 2087 1042 2517 1123; x_wconf 66' lang='lat' dir='ltr'>praetendens</span> <span class='ocrx_word' id='word_1_48' title='bbox 2585 1042 2744 1108; x_wconf 90' lang='lat' dir='ltr'>nihil</span> <span class='ocrx_word' id='word_1_49' title='bbox 2803 1045 2902 1109; x_wconf 88' lang='lat' dir='ltr'>est</span> 
     </span>
     <span class='ocr_line' id='line_1_8' title="bbox 637 1144 2899 1235; baseline -0.002 -19"><span class='ocrx_word' id='word_1_50' title='bbox 637 1148 1002 1235; x_wconf 89' lang='lat' dir='ltr'>philosopho</span> <span class='ocrx_word' id='word_1_51' title='bbox 1058 1146 1304 1230; x_wconf 79' lang='lat' dir='ltr'>turpius</span> <span class='ocrx_word' id='word_1_52' title='bbox 1367 1146 1525 1211; x_wconf 88' lang='lat' dir='ltr'>uitia</span> <span class='ocrx_word' id='word_1_53' title='bbox 1564 1145 1850 1211; x_wconf 89' lang='lat' dir='ltr'>obscena</span> <span class='ocrx_word' id='word_1_54' title='bbox 1906 1144 2206 1222; x_wconf 86' lang='lat' dir='ltr'>sectanti,</span> <span class='ocrx_word' id='word_1_55' title='bbox 2265 1146 2412 1228; x_wconf 90' lang='lat' dir='ltr'>quia</span> <span class='ocrx_word' id='word_1_56' title='bbox 2466 1148 2714 1228; x_wconf 86' lang='lat' dir='ltr'>praeter</span> <span class='ocrx_word' id='word_1_57' title='bbox 2762 1163 2899 1211; x_wconf 89' lang='lat' dir='ltr'>eam</span> 
     </span>
     <span class='ocr_line' id='line_1_9' title="bbox 638 1247 2901 1336; baseline -0.002 -17"><span class='ocrx_word' id='word_1_58' title='bbox 638 1253 1133 1336; x_wconf 75' lang='lat' dir='ltr'>deformitatem,</span> <span class='ocrx_word' id='word_1_59' title='bbox 1204 1269 1390 1333; x_wconf 91' lang='lat' dir='ltr'>quam</span> <span class='ocrx_word' id='word_1_60' title='bbox 1457 1248 1618 1315; x_wconf 91' lang='lat' dir='ltr'>uitia</span> <span class='ocrx_word' id='word_1_61' title='bbox 1671 1249 1744 1314; x_wconf 90' lang='lat' dir='ltr'>in·</span> <span class='ocrx_word' id='word_1_62' title='bbox 1787 1266 1853 1331; x_wconf 83' lang='lat' dir='ltr'>se</span> <span class='ocrx_word' id='word_1_63' title='bbox 1896 1247 2164 1328; x_wconf 88' lang='lat' dir='ltr'>habent,</span> <span class='ocrx_word' id='word_1_64' title='bbox 2234 1249 2584 1333; x_wconf 85' lang='lat' dir='ltr'>sapientiae</span> <span class='ocrx_word' id='word_1_65' title='bbox 2648 1249 2901 1315; x_wconf 91' lang='lat' dir='ltr'>nomine</span> 
     </span>
     <span class='ocr_line' id='line_1_10' title="bbox 638 1351 2921 1439; baseline -0.001 -18"><span class='ocrx_word' id='word_1_66' title='bbox 638 1357 781 1439; x_wconf 90' lang='lat' dir='ltr'>plus</span> <span class='ocrx_word' id='word_1_67' title='bbox 847 1357 1118 1421; x_wconf 86' lang='lat' dir='ltr'>notatur.</span> <span class='ocrx_word' id='word_1_68' title='bbox 1188 1358 1253 1418; x_wconf 85' lang='lat' dir='ltr'>et</span> <span class='ocrx_word' id='word_1_69' title='bbox 1296 1370 1408 1418; x_wconf 89' lang='lat' dir='ltr'>nos</span> <span class='ocrx_word' id='word_1_70' title='bbox 1468 1351 1670 1436; x_wconf 87' lang='lat' dir='ltr'>igitur</span> <span class='ocrx_word' id='word_1_71' title='bbox 1721 1351 1790 1416; x_wconf 92' lang='lat' dir='ltr'>in</span> <span class='ocrx_word' id='word_1_72' title='bbox 1850 1351 2019 1417; x_wconf 91' lang='lat' dir='ltr'>omni</span> <span class='ocrx_word' id='word_1_73' title='bbox 2077 1351 2351 1418; x_wconf 91' lang='lat' dir='ltr'>humano</span> <span class='ocrx_word' id='word_1_74' title='bbox 2412 1370 2635 1436; x_wconf 86' lang='lat' dir='ltr'>genere</span> <span class='ocrx_word' id='word_1_75' title='bbox 2691 1353 2921 1435; x_wconf 48' lang='lat' dir='ltr'>philos</span> 
     </span>
     <span class='ocr_line' id='line_1_11' title="bbox 637 1454 2965 1543; baseline -0.005 -17"><span class='ocrx_word' id='word_1_76' title='bbox 637 1459 919 1543; x_wconf 85' lang='lat' dir='ltr'>sophiam</span> <span class='ocrx_word' id='word_1_77' title='bbox 963 1457 1391 1523; x_wconf 85' lang='lat' dir='ltr'>Christianam</span> <span class='ocrx_word' id='word_1_78' title='bbox 1437 1454 1700 1537; x_wconf 86' lang='lat' dir='ltr'>professi</span> <span class='ocrx_word' id='word_1_79' title='bbox 1728 1473 1967 1538; x_wconf 74' lang='lat' dir='ltr'>sumne,</span> <span class='ocrx_word' id='word_1_80' title='bbox 2017 1472 2089 1519; x_wconf 90' lang='lat' dir='ltr'>ac</span> <span class='ocrx_word' id='word_1_81' title='bbox 2116 1473 2228 1538; x_wconf 87' lang='lat' dir='ltr'>per</span> <span class='ocrx_word' id='word_1_82' title='bbox 2257 1454 2374 1519; x_wconf 90' lang='lat' dir='ltr'>hoc</span> <span class='ocrx_word' id='word_1_83' title='bbox 2403 1456 2739 1521; x_wconf 87' lang='lat' dir='ltr'>deteriores</span> <span class='ocrx_word' id='word_1_84' title='bbox 2786 1474 2897 1522; x_wconf 90' lang='lat' dir='ltr'>nos</span> <span class='ocrx_word' id='word_1_85' title='bbox 2914 1477 2965 1516; x_wconf 79' lang='grc' dir='ltr'>ιο</span> 
     </span>
     <span class='ocr_line' id='line_1_12' title="bbox 552 1557 2897 1646; baseline -0.003 -15"><span class='ocrx_word' id='word_1_86' title='bbox 552 1594 559 1601; x_wconf 94' lang='lat'><strong>·</strong></span> <span class='ocrx_word' id='word_1_87' title='bbox 637 1563 880 1631; x_wconf 85' lang='lat' dir='ltr'>cunctis</span> <span class='ocrx_word' id='word_1_88' title='bbox 924 1560 1216 1646; x_wconf 85' lang='lat' dir='ltr'>gentibus</span> <span class='ocrx_word' id='word_1_89' title='bbox 1261 1558 1430 1625; x_wconf 87' lang='lat' dir='ltr'>credi</span> <span class='ocrx_word' id='word_1_90' title='bbox 1476 1562 1664 1640; x_wconf 85' lang='lat' dir='ltr'>atque</span> <span class='ocrx_word' id='word_1_91' title='bbox 1712 1557 1924 1623; x_wconf 88' lang='lat' dir='ltr'>haberi</span> <span class='ocrx_word' id='word_1_92' title='bbox 1970 1574 2223 1623; x_wconf 87' lang='lat' dir='ltr'>necesse</span> <span class='ocrx_word' id='word_1_93' title='bbox 2253 1560 2365 1636; x_wconf 85' lang='lat' dir='ltr'>est,</span> <span class='ocrx_word' id='word_1_94' title='bbox 2412 1559 2558 1641; x_wconf 91' lang='lat' dir='ltr'>quia</span> <span class='ocrx_word' id='word_1_95' title='bbox 2601 1561 2717 1624; x_wconf 87' lang='lat' dir='ltr'>sub</span> <span class='ocrx_word' id='word_1_96' title='bbox 2762 1560 2897 1624; x_wconf 83' lang='lat' dir='ltr'>tam</span> 
     </span>
     <span class='ocr_line' id='line_1_13' title="bbox 635 1661 2897 1751; baseline -0.002 -19"><span class='ocrx_word' id='word_1_97' title='bbox 635 1685 903 1751; x_wconf 85' lang='lat' dir='ltr'>magnae</span> <span class='ocrx_word' id='word_1_98' title='bbox 964 1663 1363 1749; x_wconf 86' lang='lat' dir='ltr'>professionis</span> <span class='ocrx_word' id='word_1_99' title='bbox 1432 1664 1681 1727; x_wconf 88' lang='lat' dir='ltr'>nomine</span> <span class='ocrx_word' id='word_1_100' title='bbox 1750 1661 2029 1727; x_wconf 90' lang='lat' dir='ltr'>uiuimus</span> <span class='ocrx_word' id='word_1_101' title='bbox 2086 1664 2150 1726; x_wconf 89' lang='lat' dir='ltr'>et</span> <span class='ocrx_word' id='word_1_102' title='bbox 2212 1661 2402 1744; x_wconf 91' lang='lat' dir='ltr'>positi</span> <span class='ocrx_word' id='word_1_103' title='bbox 2460 1661 2529 1725; x_wconf 92' lang='lat' dir='ltr'>in</span> <span class='ocrx_word' id='word_1_104' title='bbox 2594 1661 2897 1744; x_wconf 87' lang='lat' dir='ltr'>religione</span> 
     </span>
     <span class='ocr_line' id='line_1_14' title="bbox 633 1786 982 1856; baseline -0.003 -22"><span class='ocrx_word' id='word_1_105' title='bbox 633 1786 982 1856; x_wconf 64' lang='lat' dir='ltr'>peccamus</span> 
     </span>
     <span class='ocr_line' id='line_1_15' title="bbox 531 1885 2893 1970; baseline -0.001 -16"><span class='ocrx_word' id='word_1_106' title='bbox 531 1896 651 1963; x_wconf 80' lang='grc'>60·</span> <span class='ocrx_word' id='word_1_107' title='bbox 721 1889 901 1954; x_wconf 90' lang='grc' dir='ltr'><strong>ΧΙΙΙ.</strong></span> <span class='ocrx_word' id='word_1_108' title='bbox 978 1886 1099 1956; x_wconf 86' lang='lat' dir='ltr'>Sed</span> <span class='ocrx_word' id='word_1_109' title='bbox 1165 1886 1293 1952; x_wconf 90' lang='lat' dir='ltr'>scio</span> <span class='ocrx_word' id='word_1_110' title='bbox 1360 1885 1646 1969; x_wconf 89' lang='lat' dir='ltr'>plurimis</span> <span class='ocrx_word' id='word_1_111' title='bbox 1720 1885 2120 1952; x_wconf 86' lang='lat' dir='ltr'>intolerabile</span> <span class='ocrx_word' id='word_1_112' title='bbox 2185 1887 2415 1970; x_wconf 86' lang='lat' dir='ltr'>uideri,</span> <span class='ocrx_word' id='word_1_113' title='bbox 2496 1887 2551 1952; x_wconf 90' lang='lat' dir='ltr'>si</span> <span class='ocrx_word' id='word_1_114' title='bbox 2613 1887 2893 1955; x_wconf 87' lang='lat' dir='ltr'>barbaris</span> 
     </span>
     <span class='ocr_line' id='line_1_16' title="bbox 637 1989 2963 2073; baseline -0.002 -13"><span class='ocrx_word' id='word_1_115' title='bbox 637 1992 973 2060; x_wconf 85' lang='lat' dir='ltr'>deteriores</span> <span class='ocrx_word' id='word_1_116' title='bbox 1019 2010 1151 2057; x_wconf 87' lang='lat' dir='ltr'>esse</span> <span class='ocrx_word' id='word_1_117' title='bbox 1195 1991 1499 2057; x_wconf 81' lang='lat' dir='ltr'>dicamur.</span> <span class='ocrx_word' id='word_1_118' title='bbox 1564 1993 1628 2054; x_wconf 85' lang='lat' dir='ltr'>et</span> <span class='ocrx_word' id='word_1_119' title='bbox 1673 1990 1825 2072; x_wconf 88' lang='lat' dir='ltr'>quid</span> <span class='ocrx_word' id='word_1_120' title='bbox 1870 1989 2154 2070; x_wconf 88' lang='lat' dir='ltr'>facimus,</span> <span class='ocrx_word' id='word_1_121' title='bbox 2201 1991 2365 2073; x_wconf 89' lang='lat' dir='ltr'>quod</span> <span class='ocrx_word' id='word_1_122' title='bbox 2396 2007 2614 2056; x_wconf 88' lang='lat' dir='ltr'>causae</span> <span class='ocrx_word' id='word_1_123' title='bbox 2645 1991 2894 2056; x_wconf 88' lang='lat' dir='ltr'>nostrae</span> <span class='ocrx_word' id='word_1_124' title='bbox 2912 2014 2963 2056; x_wconf 75' lang='grc' dir='ltr'>ιε</span> 
     </span>
     <span class='ocr_line' id='line_1_17' title="bbox 634 2084 2893 2179; baseline 0 -19"><span class='ocrx_word' id='word_1_125' title='bbox 634 2096 754 2163; x_wconf 88' lang='lat' dir='ltr'>hoc</span> <span class='ocrx_word' id='word_1_126' title='bbox 797 2093 962 2160; x_wconf 90' lang='lat' dir='ltr'>nihil</span> <span class='ocrx_word' id='word_1_127' title='bbox 1005 2094 1270 2179; x_wconf 89' lang='lat' dir='ltr'>proficit,</span> <span class='ocrx_word' id='word_1_128' title='bbox 1320 2095 1377 2159; x_wconf 86' lang='lat' dir='ltr'>si</span> <span class='ocrx_word' id='word_1_129' title='bbox 1419 2092 1815 2160; x_wconf 86' lang='lat' dir='ltr'>intolerabile</span> <span class='ocrx_word' id='word_1_130' title='bbox 1850 2093 1916 2160; x_wconf 87' lang='lat' dir='ltr'>id</span> <span class='ocrx_word' id='word_1_131' title='bbox 1946 2094 2126 2160; x_wconf 89' lang='lat' dir='ltr'>nobis</span> <span class='ocrx_word' id='word_1_132' title='bbox 2158 2114 2290 2160; x_wconf 89' lang='lat' dir='ltr'>esse</span> <span class='ocrx_word' id='word_1_133' title='bbox 2318 2084 2655 2165; x_wconf 82' lang='lat' dir='ltr'>uideatur?</span> <span class='ocrx_word' id='word_1_134' title='bbox 2698 2093 2893 2160; x_wconf 90' lang='lat' dir='ltr'>immo</span> 
     </span>
     <span class='ocr_line' id='line_1_18' title="bbox 636 2195 2898 2281; baseline -0 -16"><span class='ocrx_word' id='word_1_135' title='bbox 636 2196 913 2265; x_wconf 87' lang='lat' dir='ltr'>causam</span> <span class='ocrx_word' id='word_1_136' title='bbox 945 2200 1225 2262; x_wconf 89' lang='lat' dir='ltr'>nostram</span> <span class='ocrx_word' id='word_1_137' title='bbox 1280 2196 1398 2263; x_wconf 92' lang='lat' dir='ltr'>hoc</span> <span class='ocrx_word' id='word_1_138' title='bbox 1451 2198 1654 2281; x_wconf 86' lang='lat' dir='ltr'>magis</span> <span class='ocrx_word' id='word_1_139' title='bbox 1699 2195 2036 2280; x_wconf 85' lang='lat' dir='ltr'>adgrauat‚</span> <span class='ocrx_word' id='word_1_140' title='bbox 2094 2196 2150 2261; x_wconf 90' lang='lat' dir='ltr'>si</span> <span class='ocrx_word' id='word_1_141' title='bbox 2195 2197 2524 2263; x_wconf 89' lang='lat' dir='ltr'>deteriores</span> <span class='ocrx_word' id='word_1_142' title='bbox 2569 2217 2787 2267; x_wconf 89' lang='lat' dir='ltr'>sumus</span> <span class='ocrx_word' id='word_1_143' title='bbox 2832 2200 2898 2267; x_wconf 87' lang='lat' dir='ltr'>et</span> 
     </span>
     <span class='ocr_line' id='line_1_19' title="bbox 633 2298 2894 2390; baseline 0.001 -22"><span class='ocrx_word' id='word_1_144' title='bbox 633 2302 918 2368; x_wconf 83' lang='lat' dir='ltr'>meliores</span> <span class='ocrx_word' id='word_1_145' title='bbox 960 2318 1072 2365; x_wconf 89' lang='lat' dir='ltr'>nos</span> <span class='ocrx_word' id='word_1_146' title='bbox 1120 2318 1254 2365; x_wconf 88' lang='lat' dir='ltr'>esse</span> <span class='ocrx_word' id='word_1_147' title='bbox 1298 2301 1642 2365; x_wconf 87' lang='lat' dir='ltr'>credamus.</span> <span class='ocrx_word' id='word_1_148' title='bbox 1708 2298 1838 2381; x_wconf 89' lang='lat' dir='ltr'>qui</span> <span class='ocrx_word' id='word_1_149' title='bbox 1886 2299 2106 2384; x_wconf 90' lang='lat' dir='ltr'>enim,</span> <span class='ocrx_word' id='word_1_150' title='bbox 2151 2299 2359 2382; x_wconf 89' lang='lat' dir='ltr'>inquit</span> <span class='ocrx_word' id='word_1_151' title='bbox 2403 2303 2739 2390; x_wconf 85' lang='lat' dir='ltr'>apostolus,</span> <span class='ocrx_word' id='word_1_152' title='bbox 2786 2324 2894 2371; x_wconf 82' lang='lat' dir='ltr'>ex-</span> 
     </span>
     <span class='ocr_line' id='line_1_20' title="bbox 598 2402 2892 2492; baseline 0.001 -20"><span class='ocrx_word' id='word_1_153' title='bbox 598 2406 945 2480; x_wconf 88' lang='lat' dir='ltr'>istimat</span> <span class='ocrx_word' id='word_1_154' title='bbox 988 2422 1069 2470; x_wconf 88' lang='lat' dir='ltr'>se</span> <span class='ocrx_word' id='word_1_155' title='bbox 1115 2403 1428 2487; x_wconf 87' lang='lat' dir='ltr'>aliquid</span> <span class='ocrx_word' id='word_1_156' title='bbox 1499 2421 1703 2485; x_wconf 87' lang='lat' dir='ltr'>esse,</span> <span class='ocrx_word' id='word_1_157' title='bbox 1774 2420 1942 2469; x_wconf 88' lang='lat' dir='ltr'>cum</span> <span class='ocrx_word' id='word_1_158' title='bbox 2003 2402 2250 2484; x_wconf 88' lang='lat' dir='ltr'>nihil,</span> <span class='ocrx_word' id='word_1_159' title='bbox 2319 2403 2429 2472; x_wconf 84' lang='lat' dir='ltr'>sit</span> <span class='ocrx_word' id='word_1_160' title='bbox 2496 2423 2574 2471; x_wconf 90' lang='lat' dir='ltr'>se</span> <span class='ocrx_word' id='word_1_161' title='bbox 2637 2406 2892 2492; x_wconf 90' lang='lat' dir='ltr'>ipsum</span> 
     </span>
     <span class='ocr_line' id='line_1_21' title="bbox 633 2507 2970 2596; baseline 0.002 -20"><span class='ocrx_word' id='word_1_162' title='bbox 633 2510 982 2592; x_wconf 85' lang='lat' dir='ltr'>seducit3</span> <span class='ocrx_word' id='word_1_163' title='bbox 1041 2525 1227 2590; x_wconf 91' lang='lat' dir='ltr'>opus</span> <span class='ocrx_word' id='word_1_164' title='bbox 1286 2509 1547 2573; x_wconf 90' lang='lat' dir='ltr'>autem</span> <span class='ocrx_word' id='word_1_165' title='bbox 1605 2526 1829 2574; x_wconf 88' lang='lat' dir='ltr'>suum</span> <span class='ocrx_word' id='word_1_166' title='bbox 1884 2507 2163 2591; x_wconf 88' lang='lat' dir='ltr'>probet</span> <span class='ocrx_word' id='word_1_167' title='bbox 2218 2509 2457 2575; x_wconf 90' lang='lat' dir='ltr'>homo.</span> <span class='ocrx_word' id='word_1_168' title='bbox 2531 2512 2700 2591; x_wconf 90' lang='lat' dir='ltr'>operi</span> <span class='ocrx_word' id='word_1_169' title='bbox 2746 2531 2970 2596; x_wconf 67' lang='lat' dir='ltr'>ergoso</span> 
     </span>
     <span class='ocr_line' id='line_1_22' title="bbox 630 2610 2893 2693; baseline 0.001 -14"><span class='ocrx_word' id='word_1_170' title='bbox 630 2614 839 2679; x_wconf 88' lang='lat' dir='ltr'>nostro</span> <span class='ocrx_word' id='word_1_171' title='bbox 906 2610 1202 2678; x_wconf 89' lang='lat' dir='ltr'>debemus</span> <span class='ocrx_word' id='word_1_172' title='bbox 1270 2614 1518 2677; x_wconf 86' lang='lat' dir='ltr'>credere</span> <span class='ocrx_word' id='word_1_173' title='bbox 1576 2630 1701 2677; x_wconf 91' lang='lat' dir='ltr'>non</span> <span class='ocrx_word' id='word_1_174' title='bbox 1771 2612 2054 2693; x_wconf 88' lang='lat' dir='ltr'>opinioni·</span> <span class='ocrx_word' id='word_1_175' title='bbox 2124 2613 2356 2679; x_wconf 86' lang='lat' dir='ltr'>rationi</span> <span class='ocrx_word' id='word_1_176' title='bbox 2436 2633 2562 2679; x_wconf 92' lang='lat' dir='ltr'>non</span> <span class='ocrx_word' id='word_1_177' title='bbox 2638 2614 2893 2681; x_wconf 89' lang='lat' dir='ltr'>libidini</span> 
     </span>
     <span class='ocr_line' id='line_1_23' title="bbox 528 2709 2892 2802; baseline 0 -18"><span class='ocrx_word' id='word_1_178' title='bbox 528 2718 610 2784; x_wconf 88' lang='lat'>61</span> <span class='ocrx_word' id='word_1_179' title='bbox 631 2709 885 2781; x_wconf 80' lang='lat' dir='ltr'>ueritati</span> <span class='ocrx_word' id='word_1_180' title='bbox 952 2732 1074 2779; x_wconf 91' lang='lat' dir='ltr'>non</span> <span class='ocrx_word' id='word_1_181' title='bbox 1140 2715 1478 2781; x_wconf 85' lang='lat' dir='ltr'>uoluntati.</span> <span class='ocrx_word' id='word_1_182' title='bbox 1566 2715 1768 2799; x_wconf 83' lang='lat' dir='ltr'>igitur</span> <span class='ocrx_word' id='word_1_183' title='bbox 1837 2717 1982 2797; x_wconf 87' lang='lat' dir='ltr'>quia</span> <span class='ocrx_word' id='word_1_184' title='bbox 2048 2734 2172 2781; x_wconf 92' lang='lat' dir='ltr'>non</span> <span class='ocrx_word' id='word_1_185' title='bbox 2239 2716 2566 2784; x_wconf 87' lang='lat' dir='ltr'>ferendum</span> <span class='ocrx_word' id='word_1_186' title='bbox 2633 2719 2892 2802; x_wconf 90' lang='lat' dir='ltr'>quidam</span> 
     </span>
     <span class='ocr_line' id='line_1_24' title="bbox 634 2818 2889 2898; baseline 0 -13"><span class='ocrx_word' id='word_1_187' title='bbox 634 2818 1026 2898; x_wconf 85' lang='lat' dir='ltr'>existimant,</span> <span class='ocrx_word' id='word_1_188' title='bbox 1087 2820 1158 2881; x_wconf 84' lang='lat' dir='ltr'>ut</span> <span class='ocrx_word' id='word_1_189' title='bbox 1186 2818 1544 2883; x_wconf 83' lang='lat' dir='ltr'>deteriores</span> <span class='ocrx_word' id='word_1_190' title='bbox 1605 2820 1717 2882; x_wconf 85' lang='lat' dir='ltr'>aut</span> <span class='ocrx_word' id='word_1_191' title='bbox 1763 2835 1889 2882; x_wconf 90' lang='lat' dir='ltr'>non</span> <span class='ocrx_word' id='word_1_192' title='bbox 1931 2818 2134 2882; x_wconf 84' lang='lat' dir='ltr'>multo</span> <span class='ocrx_word' id='word_1_193' title='bbox 2182 2820 2375 2885; x_wconf 84' lang='lat' dir='ltr'>etiam</span> <span class='ocrx_word' id='word_1_194' title='bbox 2417 2820 2703 2888; x_wconf 89' lang='lat' dir='ltr'>meliores</span> <span class='ocrx_word' id='word_1_195' title='bbox 2746 2822 2889 2887; x_wconf 90' lang='lat' dir='ltr'>bar-</span> 
     </span>
     <span class='ocr_line' id='line_1_25' title="bbox 631 2919 2891 3005; baseline 0.002 -18"><span class='ocrx_word' id='word_1_196' title='bbox 631 2919 801 2987; x_wconf 89' lang='lat' dir='ltr'>baris</span> <span class='ocrx_word' id='word_1_197' title='bbox 859 2920 1242 3005; x_wconf 88' lang='lat' dir='ltr'>iudicemur,</span> <span class='ocrx_word' id='word_1_198' title='bbox 1300 2920 1629 2986; x_wconf 89' lang='lat' dir='ltr'>uideamus</span> <span class='ocrx_word' id='word_1_199' title='bbox 1686 2921 1798 2985; x_wconf 87' lang='lat' dir='ltr'>aut</span> <span class='ocrx_word' id='word_1_200' title='bbox 1851 2923 2156 3003; x_wconf 89' lang='lat' dir='ltr'>quomodo</span> <span class='ocrx_word' id='word_1_201' title='bbox 2202 2924 2494 2990; x_wconf 88' lang='lat' dir='ltr'>meliores</span> <span class='ocrx_word' id='word_1_202' title='bbox 2539 2926 2734 2991; x_wconf 89' lang='lat' dir='ltr'>simus</span> <span class='ocrx_word' id='word_1_203' title='bbox 2782 2929 2891 2992; x_wconf 89' lang='lat' dir='ltr'>aut</span> 
     </span>
     <span class='ocr_line' id='line_1_26' title="bbox 634 3023 2968 3111; baseline 0.004 -23"><span class='ocrx_word' id='word_1_204' title='bbox 634 3024 858 3107; x_wconf 90' lang='lat' dir='ltr'>quibus</span> <span class='ocrx_word' id='word_1_205' title='bbox 924 3023 1221 3089; x_wconf 87' lang='lat' dir='ltr'>barbaris.</span> <span class='ocrx_word' id='word_1_206' title='bbox 1297 3024 1418 3090; x_wconf 88' lang='lat' dir='ltr'>duo</span> <span class='ocrx_word' id='word_1_207' title='bbox 1479 3024 1649 3089; x_wconf 89' lang='lat' dir='ltr'>enim</span> <span class='ocrx_word' id='word_1_208' title='bbox 1714 3043 1948 3109; x_wconf 87' lang='lat' dir='ltr'>genera</span> <span class='ocrx_word' id='word_1_209' title='bbox 2000 3028 2070 3091; x_wconf 89' lang='lat' dir='ltr'>in</span> <span class='ocrx_word' id='word_1_210' title='bbox 2126 3026 2298 3091; x_wconf 92' lang='lat' dir='ltr'>omni</span> <span class='ocrx_word' id='word_1_211' title='bbox 2359 3032 2547 3111; x_wconf 84' lang='lat' dir='ltr'>gente</span> <span class='ocrx_word' id='word_1_212' title='bbox 2610 3030 2891 3096; x_wconf 90' lang='lat' dir='ltr'>omnium</span> <span class='ocrx_word' id='word_1_213' title='bbox 2910 3055 2968 3099; x_wconf 65' lang='grc' dir='ltr'>ιε</span> 
     </span>
     <span class='ocr_line' id='line_1_27' title="bbox 627 3125 2886 3216; baseline 0.003 -24"><span class='ocrx_word' id='word_1_214' title='bbox 627 3125 1039 3193; x_wconf 87' lang='lat' dir='ltr'>barbarorum</span> <span class='ocrx_word' id='word_1_215' title='bbox 1099 3130 1276 3206; x_wconf 85' lang='lat' dir='ltr'>sunt,</span> <span class='ocrx_word' id='word_1_216' title='bbox 1343 3126 1409 3192; x_wconf 88' lang='lat' dir='ltr'>id</span> <span class='ocrx_word' id='word_1_217' title='bbox 1466 3130 1565 3194; x_wconf 90' lang='lat' dir='ltr'>est</span> <span class='ocrx_word' id='word_1_218' title='bbox 1621 3129 1732 3195; x_wconf 90' lang='lat' dir='ltr'>aut</span> <span class='ocrx_word' id='word_1_219' title='bbox 1786 3129 2249 3196; x_wconf 89' lang='lat' dir='ltr'>haereticorum</span> <span class='ocrx_word' id='word_1_220' title='bbox 2315 3132 2425 3198; x_wconf 87' lang='lat' dir='ltr'>aut</span> <span class='ocrx_word' id='word_1_221' title='bbox 2479 3150 2886 3216; x_wconf 86' lang='lat' dir='ltr'>paganorum.</span> 
     </span>
     <span class='ocr_line' id='line_1_28' title="bbox 627 3230 2890 3320; baseline 0.003 -25"><span class='ocrx_word' id='word_1_222' title='bbox 627 3230 726 3296; x_wconf 87' lang='lat' dir='ltr'>his</span> <span class='ocrx_word' id='word_1_223' title='bbox 772 3248 915 3315; x_wconf 88' lang='lat' dir='ltr'>ergo</span> <span class='ocrx_word' id='word_1_224' title='bbox 967 3231 1284 3311; x_wconf 75' lang='lat' dir='ltr'>omnibu8‚</span> <span class='ocrx_word' id='word_1_225' title='bbox 1343 3237 1649 3313; x_wconf 90' lang='lat' dir='ltr'>quantum</span> <span class='ocrx_word' id='word_1_226' title='bbox 1697 3235 1774 3299; x_wconf 89' lang='lat' dir='ltr'>ad</span> <span class='ocrx_word' id='word_1_227' title='bbox 1818 3234 2023 3317; x_wconf 85' lang='lat' dir='ltr'>legem</span> <span class='ocrx_word' id='word_1_228' title='bbox 2071 3234 2354 3301; x_wconf 87' lang='lat' dir='ltr'>diuinam</span> <span class='ocrx_word' id='word_1_229' title='bbox 2397 3236 2697 3320; x_wconf 85' lang='lat' dir='ltr'>pertinet,</span> <span class='ocrx_word' id='word_1_230' title='bbox 2755 3236 2890 3302; x_wconf 88' lang='lat' dir='ltr'>dico</span> 
     </span>
    </p>
   </div>
   <div class='ocr_carea' id='block_1_3' title="bbox 839 3417 1222 3484">
    <p class='ocr_par' dir='ltr' id='par_1_3' title="bbox 839 3417 1222 3484">
     <span class='ocr_line' id='line_1_29' title="bbox 839 3417 1222 3484; baseline 0.005 -13"><span class='ocrx_word' id='word_1_231' title='bbox 839 3419 905 3473; x_wconf 86' lang='grc'>18</span> <span class='ocrx_word' id='word_1_232' title='bbox 941 3417 1063 3474; x_wconf 85' lang='lat' dir='ltr'>Gal.</span> <span class='ocrx_word' id='word_1_233' title='bbox 1098 3419 1149 3484; x_wconf 90' lang='grc'>6,</span> <span class='ocrx_word' id='word_1_234' title='bbox 1187 3418 1222 3473; x_wconf 87' lang='grc'><strong>3</strong></span> 
     </span>
    </p>
   </div>
   <div class='ocr_carea' id='block_1_4' title="bbox 620 3588 2892 4347">
    <p class='ocr_par' dir='ltr' id='par_1_4' title="bbox 623 3588 2892 4173">
     <span class='ocr_line' id='line_1_30' title="bbox 733 3588 2890 3659; baseline 0.004 -17"><span class='ocrx_word' id='word_1_235' title='bbox 733 3588 763 3642; x_wconf 84' lang='grc'><strong>7</strong></span> <span class='ocrx_word' id='word_1_236' title='bbox 802 3588 1007 3657; x_wconf 83' lang='lat' dir='ltr'>philofo</span> <span class='ocrx_word' id='word_1_237' title='bbox 1044 3588 1100 3642; x_wconf 99' lang='grc' dir='ltr'><strong><em>Β</em></strong></span> <span class='ocrx_word' id='word_1_238' title='bbox 1307 3588 1452 3644; x_wconf 85' lang='lat' dir='ltr'>uicia</span> <span class='ocrx_word' id='word_1_239' title='bbox 1488 3589 1615 3659; x_wconf 77' lang='lat' dir='ltr'>(bie)</span> <span class='ocrx_word' id='word_1_240' title='bbox 1651 3591 1716 3644; x_wconf 88' lang='lat' dir='ltr'>A·</span> <span class='ocrx_word' id='word_1_241' title='bbox 1917 3591 1982 3644; x_wconf 90' lang='lat'>11</span> <span class='ocrx_word' id='word_1_242' title='bbox 2029 3589 2224 3644; x_wconf 83' lang='lat' dir='ltr'>habere</span> <span class='ocrx_word' id='word_1_243' title='bbox 2269 3593 2325 3646; x_wconf 98' lang='lat' dir='ltr'><strong><em>A</em></strong></span> <span class='ocrx_word' id='word_1_244' title='bbox 2532 3592 2633 3647; x_wconf 87' lang='lat' dir='ltr'>sub</span> <span class='ocrx_word' id='word_1_245' title='bbox 2670 3596 2785 3649; x_wconf 85' lang='lat' dir='ltr'>tam</span> <span class='ocrx_word' id='word_1_246' title='bbox 2820 3610 2890 3651; x_wconf 71' lang='lat' dir='ltr'>em</span> 
     </span>
     <span class='ocr_line' id='line_1_31' title="bbox 627 3676 2830 3748; baseline 0.004 -20"><span class='ocrx_word' id='word_1_247' title='bbox 627 3676 901 3743; x_wconf 77' lang='lat' dir='ltr'>&#39;sumptam</span> <span class='ocrx_word' id='word_1_248' title='bbox 949 3676 1006 3729; x_wconf 89' lang='lat' dir='ltr'><strong><em>A</em></strong></span> <span class='ocrx_word' id='word_1_249' title='bbox 1051 3689 1193 3731; x_wconf 76' lang='lat' dir='ltr'>corr.</span> <span class='ocrx_word' id='word_1_250' title='bbox 1239 3691 1310 3730; x_wconf 86' lang='lat' dir='ltr'>m.</span> <span class='ocrx_word' id='word_1_251' title='bbox 1341 3679 1409 3739; x_wconf 76' lang='lat'>2,</span> <span class='ocrx_word' id='word_1_252' title='bbox 1470 3677 1588 3730; x_wconf 77' lang='lat' dir='ltr'>tam</span> <span class='ocrx_word' id='word_1_253' title='bbox 1632 3676 1688 3730; x_wconf 92' lang='grc' dir='ltr'><strong><em>Β</em></strong></span> <span class='ocrx_word' id='word_1_254' title='bbox 1723 3690 1766 3730; x_wconf 86' lang='lat' dir='ltr'>s.</span> <span class='ocrx_word' id='word_1_255' title='bbox 1789 3676 1839 3731; x_wconf 68' lang='lat'>1.</span> <span class='ocrx_word' id='word_1_256' title='bbox 2049 3676 2117 3731; x_wconf 85' lang='lat'>12</span> <span class='ocrx_word' id='word_1_257' title='bbox 2162 3678 2328 3745; x_wconf 88' lang='lat' dir='ltr'>positi</span> <span class='ocrx_word' id='word_1_258' title='bbox 2360 3703 2387 3735; x_wconf 70' lang='grc' dir='ltr'>ιι</span> <span class='ocrx_word' id='word_1_259' title='bbox 2421 3679 2651 3748; x_wconf 59' lang='lat' dir='ltr'>religio*</span> <span class='ocrx_word' id='word_1_260' title='bbox 2693 3682 2753 3735; x_wconf 93' lang='lat' dir='ltr'><strong><em>A</em></strong></span> <span class='ocrx_word' id='word_1_261' title='bbox 2825 3733 2830 3736; x_wconf 18' lang='grc' dir='ltr'><strong>Α</strong></span> 
     </span>
     <span class='ocr_line' id='line_1_32' title="bbox 629 3759 2751 3822; baseline 0.003 -9"><span class='ocrx_word' id='word_1_262' title='bbox 629 3760 696 3813; x_wconf 80' lang='lat'>15</span> <span class='ocrx_word' id='word_1_263' title='bbox 731 3774 843 3816; x_wconf 80' lang='lat' dir='ltr'>esse</span> <span class='ocrx_word' id='word_1_264' title='bbox 880 3759 1168 3815; x_wconf 83' lang='lat' dir='ltr'>deteriores</span> <span class='ocrx_word' id='word_1_265' title='bbox 1203 3761 1259 3815; x_wconf 99' lang='grc' dir='ltr'><strong><em>Β</em></strong></span> <span class='ocrx_word' id='word_1_266' title='bbox 1466 3761 1632 3820; x_wconf 60' lang='lat' dir='ltr'>facio»</span> <span class='ocrx_word' id='word_1_267' title='bbox 1661 3762 1722 3815; x_wconf 91' lang='lat' dir='ltr'><strong><em>A</em></strong></span> <span class='ocrx_word' id='word_1_268' title='bbox 1929 3761 1994 3816; x_wconf 80' lang='lat'>17</span> <span class='ocrx_word' id='word_1_269' title='bbox 2040 3762 2138 3817; x_wconf 90' lang='lat' dir='ltr'>hoc</span> <span class='ocrx_word' id='word_1_270' title='bbox 2174 3779 2387 3822; x_wconf 84' lang='lat' dir='ltr'>causam</span> <span class='ocrx_word' id='word_1_271' title='bbox 2421 3766 2661 3820; x_wconf 84' lang='lat' dir='ltr'>nostram</span> <span class='ocrx_word' id='word_1_272' title='bbox 2695 3766 2751 3820; x_wconf 99' lang='grc' dir='ltr'><strong><em>Β</em></strong></span> 
     </span>
     <span class='ocr_line' id='line_1_33' title="bbox 626 3844 2884 3924; baseline 0.004 -25"><span class='ocrx_word' id='word_1_273' title='bbox 626 3844 695 3899; x_wconf 89' lang='grc'>18</span> <span class='ocrx_word' id='word_1_274' title='bbox 732 3846 996 3900; x_wconf 81' lang='lat' dir='ltr'>existim&amp;</span> <span class='ocrx_word' id='word_1_275' title='bbox 1030 3846 1147 3915; x_wconf 80' lang='lat' dir='ltr'>(sed</span> <span class='ocrx_word' id='word_1_276' title='bbox 1180 3847 1230 3902; x_wconf 68' lang='grc' dir='ltr'><strong>ὣ</strong></span> <span class='ocrx_word' id='word_1_277' title='bbox 1263 3848 1326 3902; x_wconf 77' lang='lat' dir='ltr'>in</span> <span class='ocrx_word' id='word_1_278' title='bbox 1346 3848 1476 3916; x_wconf 75' lang='lat' dir='ltr'>ras.)</span> <span class='ocrx_word' id='word_1_279' title='bbox 1512 3863 1568 3901; x_wconf 85' lang='lat' dir='ltr'>se</span> <span class='ocrx_word' id='word_1_280' title='bbox 1603 3847 1685 3900; x_wconf 86' lang='lat' dir='ltr'>A:</span> <span class='ocrx_word' id='word_1_281' title='bbox 1732 3862 1789 3902; x_wconf 87' lang='lat' dir='ltr'>se</span> <span class='ocrx_word' id='word_1_282' title='bbox 1813 3847 2089 3903; x_wconf 81' lang='lat' dir='ltr'>existimat</span> <span class='ocrx_word' id='word_1_283' title='bbox 2127 3849 2183 3903; x_wconf 92' lang='grc' dir='ltr'><strong><em>Β</em></strong></span> <span class='ocrx_word' id='word_1_284' title='bbox 2195 3850 2456 3905; x_wconf 73' lang='lat' dir='ltr'>Halmius</span> <span class='ocrx_word' id='word_1_285' title='bbox 2633 3852 2703 3907; x_wconf 84' lang='lat'>20</span> <span class='ocrx_word' id='word_1_286' title='bbox 2736 3853 2884 3924; x_wconf 87' lang='lat' dir='ltr'>ergo]</span> 
     </span>
     <span class='ocr_line' id='line_1_34' title="bbox 625 3931 2892 4008; baseline 0.004 -23"><span class='ocrx_word' id='word_1_287' title='bbox 625 3931 806 3985; x_wconf 86' lang='lat' dir='ltr'>autem</span> <span class='ocrx_word' id='word_1_288' title='bbox 851 3932 907 3986; x_wconf 91' lang='grc' dir='ltr'><strong><em>Β</em></strong></span> <span class='ocrx_word' id='word_1_289' title='bbox 1114 3933 1181 3987; x_wconf 79' lang='grc'>21</span> <span class='ocrx_word' id='word_1_290' title='bbox 1229 3933 1475 4003; x_wconf 87' lang='lat' dir='ltr'>opinioni</span> <span class='ocrx_word' id='word_1_291' title='bbox 1519 3932 1722 3987; x_wconf 86' lang='lat' dir='ltr'>rationi</span> <span class='ocrx_word' id='word_1_292' title='bbox 1764 3949 1873 3989; x_wconf 91' lang='lat' dir='ltr'>non</span> <span class='ocrx_word' id='word_1_293' title='bbox 1918 3934 2137 3990; x_wconf 86' lang='lat' dir='ltr'>libidini</span> <span class='ocrx_word' id='word_1_294' title='bbox 2180 3950 2248 3990; x_wconf 73' lang='lat' dir='ltr'>ex</span> <span class='ocrx_word' id='word_1_295' title='bbox 2294 3935 2540 4003; x_wconf 84' lang='lat' dir='ltr'>opinione</span> <span class='ocrx_word' id='word_1_296' title='bbox 2587 3937 2796 4008; x_wconf 83' lang='lat' dir='ltr'>ratione</span> <span class='ocrx_word' id='word_1_297' title='bbox 2832 3941 2892 3993; x_wconf 88' lang='lat' dir='ltr'>et</span> 
     </span>
     <span class='ocr_line' id='line_1_35' title="bbox 624 4005 2887 4092; baseline 0.003 -21"><span class='ocrx_word' id='word_1_298' title='bbox 624 4016 851 4092; x_wconf 76' lang='lat' dir='ltr'>libidine</span> <span class='ocrx_word' id='word_1_299' title='bbox 894 4005 954 4072; x_wconf 82' lang='lat' dir='ltr'>&#39;A</span> <span class='ocrx_word' id='word_1_300' title='bbox 989 4033 1128 4073; x_wconf 81' lang='lat' dir='ltr'>corr.</span> <span class='ocrx_word' id='word_1_301' title='bbox 1166 4035 1234 4078; x_wconf 85' lang='lat' dir='ltr'>m.</span> <span class='ocrx_word' id='word_1_302' title='bbox 1252 4009 1255 4014; x_wconf 72' lang='grc'><strong><em>’</em></strong></span> <span class='ocrx_word' id='word_1_303' title='bbox 1270 4023 1307 4075; x_wconf 79' lang='lat'><strong><em>2</em></strong></span> <span class='ocrx_word' id='word_1_304' title='bbox 1513 4018 1582 4073; x_wconf 82' lang='lat'>22</span> <span class='ocrx_word' id='word_1_305' title='bbox 1625 4020 1753 4088; x_wconf 83' lang='lat' dir='ltr'>quia</span> <span class='ocrx_word' id='word_1_306' title='bbox 1799 4035 1900 4075; x_wconf 87' lang='lat' dir='ltr'>om.</span> <span class='ocrx_word' id='word_1_307' title='bbox 1947 4020 2003 4074; x_wconf 98' lang='grc' dir='ltr'><strong><em>Β</em></strong></span> <span class='ocrx_word' id='word_1_308' title='bbox 2209 4013 2429 4091; x_wconf 76' lang='lat' dir='ltr'>quidam</span> <span class='ocrx_word' id='word_1_309' title='bbox 2464 4038 2548 4092; x_wconf 41' lang='lat' dir='ltr'>ex,</span> <span class='ocrx_word' id='word_1_310' title='bbox 2572 4023 2786 4092; x_wconf 85' lang='lat' dir='ltr'>quidem</span> <span class='ocrx_word' id='word_1_311' title='bbox 2831 4025 2887 4077; x_wconf 94' lang='lat' dir='ltr'><strong><em>A</em></strong></span> 
     </span>
     <span class='ocr_line' id='line_1_36' title="bbox 623 4098 2747 4173; baseline 0.003 -14"><span class='ocrx_word' id='word_1_312' title='bbox 623 4119 763 4159; x_wconf 79' lang='lat' dir='ltr'>corr.</span> <span class='ocrx_word' id='word_1_313' title='bbox 794 4098 862 4157; x_wconf 76' lang='lat' dir='ltr'>m.</span> <span class='ocrx_word' id='word_1_314' title='bbox 887 4106 928 4158; x_wconf 79' lang='lat'><strong><em>2</em></strong></span> <span class='ocrx_word' id='word_1_315' title='bbox 972 4103 1190 4173; x_wconf 87' lang='lat' dir='ltr'>quidam</span> <span class='ocrx_word' id='word_1_316' title='bbox 1225 4104 1282 4159; x_wconf 95' lang='grc' dir='ltr'><strong><em>Β</em></strong></span> <span class='ocrx_word' id='word_1_317' title='bbox 1303 4120 1344 4159; x_wconf 84' lang='lat'>8.</span> <span class='ocrx_word' id='word_1_318' title='bbox 1370 4104 1405 4160; x_wconf 82' lang='lat'>1.</span> <span class='ocrx_word' id='word_1_319' title='bbox 1530 4103 1533 4110; x_wconf 83' lang='lat'>&#39;</span> <span class='ocrx_word' id='word_1_320' title='bbox 1600 4103 1668 4159; x_wconf 82' lang='lat'>23</span> <span class='ocrx_word' id='word_1_321' title='bbox 1704 4104 1871 4159; x_wconf 83' lang='lat' dir='ltr'>etiam</span> <span class='ocrx_word' id='word_1_322' title='bbox 1906 4105 1963 4160; x_wconf 95' lang='grc' dir='ltr'><strong><em>Β</em></strong></span> <span class='ocrx_word' id='word_1_323' title='bbox 1984 4122 2026 4163; x_wconf 79' lang='lat' dir='ltr'>s.</span> <span class='ocrx_word' id='word_1_324' title='bbox 2053 4107 2088 4163; x_wconf 81' lang='lat' dir='ltr'>l.</span> <span class='ocrx_word' id='word_1_325' title='bbox 2277 4104 2521 4163; x_wconf 81' lang='lat' dir='ltr'>barbaris</span> <span class='ocrx_word' id='word_1_326' title='bbox 2557 4108 2613 4162; x_wconf 90' lang='lat' dir='ltr'><strong><em>B</em></strong></span> <span class='ocrx_word' id='word_1_327' title='bbox 2646 4123 2690 4165; x_wconf 60' lang='grc' dir='ltr'>ει</span> <span class='ocrx_word' id='word_1_328' title='bbox 2713 4109 2747 4165; x_wconf 80' lang='lat' dir='ltr'>l.</span> 
     </span>
    </p>

    <p class='ocr_par' dir='ltr' id='par_1_5' title="bbox 620 4188 2885 4347">
     <span class='ocr_line' id='line_1_37' title="bbox 623 4188 2885 4262; baseline 0.003 -18"><span class='ocrx_word' id='word_1_329' title='bbox 623 4188 694 4244; x_wconf 85' lang='lat'>24</span> <span class='ocrx_word' id='word_1_330' title='bbox 728 4189 840 4244; x_wconf 57' lang='lat' dir='ltr'>iun</span> <span class='ocrx_word' id='word_1_331' title='bbox 876 4189 1153 4245; x_wconf 84' lang='lat' dir='ltr'>uideamus</span> <span class='ocrx_word' id='word_1_332' title='bbox 1188 4197 1242 4247; x_wconf 82' lang='lat' dir='ltr'>et</span> <span class='ocrx_word' id='word_1_333' title='bbox 1277 4190 1493 4245; x_wconf 64' lang='lat' dir='ltr'>mel-m</span> <span class='ocrx_word' id='word_1_334' title='bbox 1527 4189 1724 4259; x_wconf 88' lang='lat' dir='ltr'>quibus</span> <span class='ocrx_word' id='word_1_335' title='bbox 1759 4191 1815 4244; x_wconf 98' lang='lat' dir='ltr'><strong><em>A</em></strong></span> <span class='ocrx_word' id='word_1_336' title='bbox 2022 4192 2091 4247; x_wconf 81' lang='lat'>26</span> <span class='ocrx_word' id='word_1_337' title='bbox 2124 4192 2182 4248; x_wconf 84' lang='lat' dir='ltr'>id</span> <span class='ocrx_word' id='word_1_338' title='bbox 2217 4194 2281 4248; x_wconf 77' lang='lat' dir='ltr'>in</span> <span class='ocrx_word' id='word_1_339' title='bbox 2316 4207 2430 4249; x_wconf 78' lang='lat' dir='ltr'>ras.</span> <span class='ocrx_word' id='word_1_340' title='bbox 2465 4195 2544 4259; x_wconf 91' lang='lat' dir='ltr'>A,</span> <span class='ocrx_word' id='word_1_341' title='bbox 2593 4195 2764 4262; x_wconf 77' lang='lat' dir='ltr'>fuisse</span> <span class='ocrx_word' id='word_1_342' title='bbox 2797 4196 2885 4251; x_wconf 75' lang='lat' dir='ltr'>ui·</span> 
     </span>
     <span class='ocr_line' id='line_1_38' title="bbox 620 4274 1801 4347; baseline -0.001 -15"><span class='ocrx_word' id='word_1_343' title='bbox 620 4274 787 4332; x_wconf 76' lang='lat' dir='ltr'>detur</span> <span class='ocrx_word' id='word_1_344' title='bbox 820 4275 920 4331; x_wconf 91' lang='lat' dir='ltr'>hoc</span> <span class='ocrx_word' id='word_1_345' title='bbox 1127 4277 1194 4332; x_wconf 81' lang='lat'>27</span> <span class='ocrx_word' id='word_1_346' title='bbox 1231 4278 1472 4347; x_wconf 85' lang='lat' dir='ltr'>pertinet</span> <span class='ocrx_word' id='word_1_347' title='bbox 1505 4302 1558 4332; x_wconf 61' lang='lat' dir='ltr'>n</span> <span class='ocrx_word' id='word_1_348' title='bbox 1593 4275 1710 4331; x_wconf 88' lang='lat' dir='ltr'>sine</span> <span class='ocrx_word' id='word_1_349' title='bbox 1745 4278 1801 4331; x_wconf 98' lang='lat' dir='ltr'><strong><em>A</em></strong></span> 
     </span>
    </p>
   </div>
   <div class='ocr_carea' id='block_1_5' title="bbox 3335 3871 3339 4458">
    <p class='ocr_par' dir='ltr' id='par_1_6' title="bbox 3335 3871 3339 4458">
     <span class='ocr_line' id='line_1_39' title="bbox 3335 3871 3339 4458; baseline 0 0"><span class='ocrx_word' id='word_1_350' title='bbox 3335 3871 3339 4458; x_wconf 95' lang='lat' dir='ltr'> </span> 
     </span>
    </p>
   </div>
  </div>
 </body>
</html>
