3380 4919
574 250 700 320 104
1472 304 1475 309 .
1545 251 1857 308 Saluiani

571 460 761 525 quam
825 439 1095 507 lectione
1162 444 1558 524 cognoscunt,
1628 441 1980 508 doctrinam
2045 442 2254 525 potius
2312 445 2584 510 retinere
2646 463 2833 527 quam

569 546 797 627 legem.
871 546 1080 627 itaque
1138 542 1255 615 eis·
1287 544 1550 613 traditio
1609 546 2058 628 magistrorum
2116 560 2374 614 suorum
2434 550 2497 613 et
2547 548 2834 615 doctrina

525 648 928 731 {inueterata
991 647 1168 729 quasi
1226 646 1325 713 lex
1370 649 1489 729 est‚·
1557 648 1708 730 quia
1748 648 1869 714 hoc
1903 644 2121 715 sciunt
2186 640 2622 716 tantummodo
2666 654 2832 734 quod

504 749 550 814 9
572 752 887 819 docentur.
949 750 1253 819 haeretici
1298 769 1445 833 ergo
1488 754 1638 817 sunt
1679 753 1792 818 sed
1836 770 1972 818 non·
2007 753 2293 820 scientes.
2355 755 2619 836 *denique
2663 754 2834 837 apud·

570 875 683 933 nos
748 858 896 921 sunt
961 853 1277 932 haeretici,
1349 854 1514 938 apud
1572 870 1647 921 se·
1699 874 1825 922 non
1890 861 2072 934 sunt3
2149 877 2295 923 nam
2352 857 2422 921 in
2466 859 2715 922 tantum
2763 875 2828 921 se
2875 878 2901 919 5

571 958 907 1037 catholicos
951 975 1087 1022 esse
1143 956 1453 1038 iudicant,
1500 961 1572 1022 ut
1617 975 1731 1024 nos
1774 958 1944 1041 ipsos
1987 960 2175 1026 titulo
2221 959 2571 1025 haereticae
2616 959 2828 1043 appel-

570 1063 823 1128 lationis
868 1059 1191 1127 infament.
1253 1061 1419 1142 quod
1462 1077 1610 1145 ergo
1654 1060 1758 1126 illi
1801 1062 1978 1128 nobis
2011 1066 2179 1148 sunt,
2226 1063 2341 1129 hoc
2371 1082 2483 1129 nos
2511 1063 2660 1127 illis.
2722 1081 2831 1128 nos

570 1184 671 1230 eos
718 1163 1018 1229 iniuriam
1050 1162 1302 1231 diuinae
1345 1165 1740 1247 generationi
1783 1164 1984 1230 facere
2027 1167 2184 1232 certi
2227 1186 2459 1248 summ,
2507 1169 2668 1249 quod
2713 1168 2830 1231 mi·

568 1286 783 1336 norem
827 1270 1004 1350 patre
1046 1266 1252 1332 filium
1294 1266 1537 1334 dicant:
1583 1267 1683 1332 illi
1728 1286 1840 1334 nos
1884 1269 2216 1335 iniuriosos
2250 1270 2418 1351 patri
2449 1269 2828 1345 existimant,

568 1374 713 1454 quia
777 1371 1064 1454 aequales
1110 1388 1240 1437 esse
1302 1371 1653 1437 credamus.
1725 1372 1960 1437 ueritas
2018 1374 2185 1456 apud
2246 1391 2356 1438 nos
2415 1372 2528 1455 est,
2577 1372 2685 1437 sed
2732 1371 2830 1436 illi
2850 1394 2900 1433 ιο

568 1475 732 1560 apud
775 1494 841 1539 se
885 1492 1015 1539 esse
1059 1477 1488 1555 praesumunt.
1545 1474 1743 1540 honor
1787 1474 1887 1541 dei
1933 1477 2098 1559 apud
2128 1494 2240 1541 nos
2270 1479 2383 1555 est,
2414 1474 2523 1540 sed
2567 1475 2665 1541 illi
2712 1474 2827 1539 hoc

467 1579 553 1646 10
570 1577 960 1647 arbitrantur
1003 1577 1305 1647 honorem
1349 1576 1710 1644 diuinitatis
1745 1596 1901 1657 esse,
1945 1577 2110 1663 quod
2153 1577 2435 1644 credunt.
2498 1577 2829 1643 inofficiosi

529 1683 734 1762 munt,
781 1682 892 1749 sed
934 1680 1064 1753 illis
1110 1680 1231 1747 hoc
1257 1682 1356 1747 est
1386 1699 1708 1747 summum
1740 1681 2066 1766 religionis
2098 1681 2408 1748 officium:
2452 1679 2631 1763 impii
2662 1682 2828 1757 sunt,

568 1785 675 1850 sed
742 1784 859 1853 hoc
921 1787 1147 1866 putant
1214 1802 1430 1851 ueram
1462 1802 1621 1850 resse
1654 1785 1975 1868 pietatem.
2052 1788 2262 1851 errant
2307 1801 2470 1869 erg0,
2518 1783 2627 1848 sed
2670 1783 2836 1848 bono

571 1889 778 1961 animo
824 1891 1056 1966 errant,
1101 1906 1225 1953 non
1268 1885 1411 1952 odio
1448 1886 1563 1953 ’sed
1604 1887 1839 1953 affectu
1877 1887 1998 1967 dei,
2045 1888 2348 1953 honor-are
2390 1906 2457 1952 se
2505 1885 2830 1952 dominum
2849 1906 2900 1947 ιε»

571 1994 759 2072 atque
811 2008 1025 2055 amare
1079 1990 1431 2058 credentes.
1499 1991 1790 2072 quamuis
1846 2009 1970 2056 non
2017 1991 2289 2056 habeant
2333 1995 2575 2055 rectam
2617 1988 2828 2067 fidem,

570 2094 670 2159 illi
735 2097 949 2160 tamen
1015 2093 1131 2163 hoc
1193 2092 1538 2177 perfectam
1597 2093 1699 2158 dei
1749 2094 2089 2160 aestimant
2134 2094 2481 2159 caritatem.
2558 2093 2832 2174 qualiter

571 2215 681 2280 pro
747 2198 863 2263 hoc
926 2199 1061 2279 ipso
1110 2197 1322 2267 ‚falsae
1387 2197 1694 2281 opinionis
1761 2215 1965 2263 errore
2007 2198 2076 2263 in
2123 2196 2222 2262 die
2265 2198 2484 2263 iudicii
2529 2196 2831 2278 puniendi

470 2300 550 2364 11
573 2301 743 2380 sint,
808 2300 1020 2371 nullus
1079 2302 1293 2383 potest.
1329 2300 1491 2367 scire
1536 2301 1661 2366 nisi
1704 2303 1907 2369 iudex.
1984 2301 2238 2365 interim
2281 2299 2513 2366 idcirco
2560 2300 2652 2366 eis
2672 2350 2687 2380 ‚
2755 2300 2832 2364 ut

573 2420 731 2483 reor,
778 2402 1154 2487 patientiam
1195 2407 1353 2474 deus-
1372 2450 1375 2457 ·
1392 2403 1766 2485 commodat,
1815 2404 1961 2488 quia
2003 2404 2179 2471 uidet
2216 2423 2318 2471 eos
2345 2404 2467 2470 etsi
2496 2421 2619 2471 non
2662 2405 2830 2470 recte
2849 2424 2902 2466 »ο

572 2508 838 2585 credere,
885 2508 1133 2574 affectu·
1157 2513 1369 2574 tamen
1413 2509 1554 2592 piae
1583 2509 1893 2593 opinionis
1925 2527 2154 2586 errare,
2200 2508 2469 2573 maxime
2499 2526 2641 2572 cum
2672 2506 2832 2571 sciat

571 2630 687 2677 eos‘
721 2630 797 2678 ea
840 2611 1062 2689 facere,
1125 2628 1284 2694 quae
1345 2613 1652 2687 nesciunt,
1707 2616 1955 2677 nostros
2017 2611 2232 2678 autem
2289 2611 2616 2695 neglegere
2667 2607 2830 2691 quod

573 2715 838 2782 credunt
854 2764 870 2792 ,
927 2734 1001 2781 ac
1044 2734 1152 2799 per
1197 2714 1315 2781 hoc
1359 2715 1503 2780 illos
1547 2716 1999 2799 magistrorum
2040 2732 2293 2798 peccare
2360 2715 2515 2778 uitio
2551 2713 2827 2776 nostros

525 2835 703 2896 (amo,
769 2817 909 2882 illos
969 2819 1328 2902 ignorantes
1388 2819 1630 2900 nostros
1686 2818 1979 2898 scientes,
2048 2817 2210 2883 illos'
2261 2817 2327 2881 id
2371 2815 2596 2893 facere,
2666 2815 2828 2897 quod

570 2924 796 3003 putent
855 2922 1117 2998 rectum,
1189 2925 1432 2989 nostros
1492 2923 1656 3005 quod
1707 2923 1911 2988 sciant
1953 2940 2084 2988 esse
2103 2947 2108 2954 ·
2125 2938 2505 3004 peruersum.
2586 2918 2650 2983 et
2691 2918 2832 2986 ideo.
2849 2944 2900 2985 2⁵

576 3023 741 3089 iusto
800 3023 1025 3089 iudicio
1086 3023 1229 3090 illos
1283 3026 1605 3108 patientia,
1641 3026 1741 3092 dei
1784 3026 2059 3091 sustinet
2124 3044 2236 3091 nos
2300 3013 2832 3089 animaduersione

571 3126 875 3210 castigat,
928 3126 1088 3209 >quia
1153 3129 1391 3211 ignosci
1458 3127 1855 3211 aliquatenus
1921 3127 2315 3212 ignorantiae
2378 3126 2619 3210 potest,
2685 3140 2833 3187 con-

571 3233 855 3314 temptus
901 3229 1154 3296 ueniam
1199 3249 1323 3297 non
1353 3235 1650 3297 meretur.
1712 3234 1806 3298 sic
1829 3233 1996 3297 enim
2024 3230 2332 3313 scriptum
2360 3233 2487 3294 est:
2534 3246 2564 3291 s
2580 3243 2829 3303 eruus,

569 3336 706 3416 qui
772 3334 1027 3400 nescit
1100 3335 1592 3400 uoluntatem
1667 3333 1967 3399 domini
2034 3333 2186 3411 sui,
2262 3332 2338 3396 et
2406 3347 2549 3394 non
2616 3327 2826 3393 facit

775 3533 844 3610 ae
891 3553 1017 3611 nuo.
1055 3555 1137 3623 12,
1173 3555 1240 3610 47
1263 3572 1340 3626 sq.
1430 3633 1435 3640 υ

675 3758 709 3812 2
744 3758 974 3814 traditio
999 3760 1076 3815 eis
1112 3759 1169 3814 Β
1339 3760 1375 3815 6
1408 3761 1555 3829 ipso·
1600 3764 1771 3827 (eram.
1800 3762 1829 3815 l'
1860 3760 1966 3826 lit.)
2002 3760 2060 3814 A
2232 3758 2265 3813 7
2301 3759 2360 3811 et
2379 3756 2481 3811 hoc
2503 3770 2604 3809 nos
2640 3755 2696 3809 Β

570 3845 607 3902 8
652 3844 991 3913 generationi
1027 3861 1094 3901 em
1129 3847 1473 3915 generatione
1508 3846 1565 3901 A
1599 3862 1743 3903 corr.
1778 3862 1850 3903 m.
1885 3849 1951 3902 2:
2002 3843 2367 3913 generationis
2401 3842 2458 3897 B
2668 3842 2733 3896 16
2777 3858 2833 3895 a·

572 3946 745 3986 masse
781 3930 838 3985 Β
1031 3932 1105 3987 18-
1130 3947 1303 3987 errore
1337 3948 1406 3988 σω
1439 3948 1614 3987 errare
1647 3933 1704 3986 A
1738 3948 1879 3988 corr.
1913 3948 1985 3987 m.
2007 3934 2075 3987 2:
2129 3944 2362 3985 errorem
2402 3928 2459 3983 Β
2651 3928 2710 3982 in
2745 3927 2834 3981 die

571 4032 829 4071 —errare
863 4018 919 4071 A
953 4032 1057 4073 om.
1090 4034 1161 4073 m.
1186 4022 1219 4073 1
1251 4018 1347 4075 aed
1366 4034 1441 4075 m.
1464 4018 1688 4088 aequali
1711 4017 1846 4073 add.
1871 4018 1937 4073 in
1959 4032 2130 4087 mary.
2155 4015 2428 4081 inferiore
2619 4013 2689 4067 24
2712 4013 2834 4068 illos

572 4104 729 4172 (post
771 4108 891 4169 suo)
942 4103 1000 4157 A
1049 4120 1090 4160 ε.
1127 4105 1164 4158 l.
1200 4121 1269 4160 m.
1307 4108 1345 4159 2
1549 4103 1609 4157 id
1663 4103 1721 4158 Β
1770 4102 1902 4162 add.
1956 4119 2028 4159 m.
2063 4106 2101 4158 2
2304 4101 2374 4155 26
2426 4099 2693 4168 pacientia
2746 4101 2833 4167 (ex

572 4188 842 4256 pacientia
876 4194 939 4243 ut
975 4190 1222 4258 uidetur)
1258 4190 1343 4245 dei
1380 4193 1638 4245 sustinere
1672 4191 1731 4245 A
2199 4229 2204 4232 Δ

162 4495 745 4726 fx*

780 4749 925 4852 ,Ἃ
