3380 4919
569 342 678 399 XII

566 534 639 606 in
709 530 1059 606 fasciculo
1127 553 1749 629 pergamenarum
1818 527 1898 599 in
1966 524 2412 600 bibliotheca
2478 527 2834 602 Bernensi

568 654 877 728 alteram
926 651 1008 725 in
1074 650 1326 725 codice
1376 647 1714 722 Parisino
1788 672 2014 746 supra
2087 645 2283 720 dicto
2349 649 2693 746 repperit,
2765 660 2837 724 et

567 769 727 872 ipse
798 770 1076 847 contuli
1131 782 1203 844 et
1268 794 1436 843 cum
1488 767 1788 842 Halmio
1861 766 2151 865 signaui
2214 765 2451 842 littera
2520 767 2608 863 O,
2665 796 2834 868 gra-

567 893 847 968 tissime
926 891 1222 965 adiutus
1301 888 1571 985 insigni
1626 886 2062 961 liberalitate
2117 885 2605 962 bibliothecae
2660 891 2833 963 Ber-

569 1013 837 1103 nensis,
923 1035 1116 1108 quae
1167 1008 1585 1105 fragmenta
1640 1006 2040 1080 Bemensia
2117 1007 2267 1082 huc
2335 1009 2835 1086 transmittere

570 1158 723 1206 non
777 1128 1168 1205 dubitauit.

675 1269 972 1342 Nonam
1025 1291 1203 1339 uero
1260 1264 1700 1366 epistolam„
1740 1289 1887 1360 qua
1942 1262 2335 1339 Saluianus
2390 1266 2649 1341 edocet
2703 1292 2837 1341 cur

569 1379 800 1460 ‘libris
854 1386 1004 1460 IIII
1057 1385 1154 1459 ad
1205 1377 1636 1459 Ecclesiam'
1688 1383 2061 1457 Timothei
2110 1411 2384 1459 nomen
2417 1412 2571 1460 non
2619 1414 2836 1461 suum

570 1506 1048 1607 inscripserit,
1106 1504 1306 1580 solus
1350 1504 1583 1578 codex
1618 1502 1995 1577 Parisinus
2033 1531 2103 1578 n.
2146 1508 2242 1577 27
2253 1508 2347 1579 85
2387 1531 2573 1581 saec.
2617 1505 2838 1581 VIIII

573 1627 887 1701 exhibet.
974 1626 1278 1701 eandem
1356 1637 1426 1699 et
1480 1623 1989 1700 Sichardus
2054 1624 2402 1725 princeps
2469 1626 2707 1702 editor
2758 1627 2836 1699 in

573 1773 707 1821 suo
762 1747 1133 1820 nescimus
1181 1771 1327 1843 quo
1382 1745 1570 1818 libro
1622 1745 2023 1817 inuenerat.
2108 1744 2330 1818 etiam
2385 1746 2584 1821 hunc
2638 1746 2835 1820 codi-

573 1891 733 1940 cem
809 1866 970 1964 ipse
1048 1863 1327 1940 contuli
1406 1874 1478 1938 et
1560 1862 1902 1937 editionis
1983 1862 2500 1938 Sichardianae
2582 1865 2833 1962 (Basil.

577 1983 804 2086 1528)
827 1966 833 1971 ’
858 2010 1082 2083 quam
1137 1984 1499 2082 inspicere
1553 2009 1704 2056 non
1758 1982 1967 2057 licuit
2001 1984 2249 2057 uarias
2305 1985 2708 2082 scripturas
2748 2011 2836 2058 ex

571 2105 850 2178 Halmii
903 2104 1223 2178 editione
1277 2103 1508 2177 adieci
1559 2103 1665 2175 ita
1700 2113 1785 2176 ut
1820 2103 2094 2177 codicis
2132 2103 2534 2202 scripturas
2584 2103 2834 2178 littera

570 2226 644 2299 B
698 2224 1034 2300 editionis
1087 2222 1441 2323 principis
1493 2221 1733 2297 littera
1773 2248 1837 2320 p
1896 2223 2285 2320 signarem.

674 2379 932 2454 Restat
981 2376 1462 2452 breuiuscula
1516 2376 1828 2477 epistola
1863 2389 2125 2451 octaua
2183 2378 2261 2451 in
2312 2379 2653 2479 pluribus
2708 2380 2835 2454 ad-

574 2500 720 2575 huc
804 2500 1184 2575 codicibus
1263 2510 1576 2599 reperta,
1662 2498 1741 2571 in
1806 2498 2072 2597 quibus
2142 2499 2581 2599 plerumque
2636 2526 2836 2599 prae-

570 2620 797 2694 missa
866 2632 1176 2720 apparet
1226 2617 1661 2694 Eucherii
1730 2617 1986 2693 libello
2042 2609 2158 2693 ‘de
2223 2621 2557 2693 formulis
2628 2621 2837 2718 spiri-

571 2740 738 2814 talis
793 2738 1372 2837 intellegentiae’,
1432 2738 1678 2838 quode
1732 2738 1810 2811 in
1862 2739 2025 2838 ipsa
2062 2738 2368 2839 epistola
2403 2764 2643 2812 sermo
2701 2751 2830 2814 est.

574 2857 947 2933 codicibus
1025 2859 1378 2933 Parisinis
1459 2861 1553 2933 ab
1637 2857 2019 2933 Halmio
2102 2857 2475 2948 adhibitis,
2566 2858 2840 2933 scilicet

572 3007 643 3053 n.
705 2981 951 3051 95559
1029 3004 1214 3052 saec.
1272 2978 1417 3051 VII
1483 3005 1540 3053 s.
1581 2978 1763 3053 VIII
1803 3012 1895 3045 =
1935 2979 2040 3071 A,
2097 3004 2167 3053 n.
2225 2980 2469 3051 12237
2527 2977 2713 3071 (siue
2769 2980 2835 3056 S.

573 3097 816 3173 Germ.
879 3125 952 3171 n.
996 3101 1174 3195 808)
1229 3124 1416 3173 saec.
1456 3099 1677 3174 VIIII
1732 3127 1788 3179 s,
1842 3099 1913 3173 X
1952 3132 2047 3165 =
2086 3100 2177 3190 B,
2232 3125 2306 3173 n.
2350 3100 2593 3172 12236
2653 3098 2838 3198 (siue

574 3217 645 3295 S.
704 3217 948 3296 Germ.
988 3244 1057 3289 n.
1106 3218 1282 3321 862)
1337 3245 1524 3294 saec.
1564 3219 1787 3294 VIIII
1841 3246 1897 3295 s,
1936 3221 2012 3293 X
2051 3252 2143 3286 =
2192 3217 2269 3312 O,
2328 3217 2581 3292 addidi
2632 3217 2838 3291 Pari-

572 3341 814 3413 sinum
867 3366 941 3414 n.
987 3340 1186 3412 2182
1241 3364 1427 3414 saec.
1484 3338 1672 3414 XIII
1724 3374 1817 3407 =
1854 3341 1970 3433 D3
2027 3340 2373 3437 quintum
2424 3364 2603 3411 uero
2659 3364 2836 3412 eun-

573 3460 889 3558 demque
958 3458 1378 3532 Parisinum
1446 3486 1518 3533 n·.
1582 3462 1781 3534 1792
1854 3485 2042 3534 saec.
2098 3458 2322 3532 XIIII
2387 3469 2471 3532 ut
2540 3458 2840 3533 infimae

571 3590 792 3653 notae
850 3592 922 3654 et
971 3578 1170 3653 uitiis
1225 3590 1628 3653 scatentem
1681 3579 1914 3654 omisi.

675 3732 1005 3807 Ventum
1057 3733 1287 3830 igitur
1341 3746 1452 3809 est
1503 3734 1599 3808 ad

813 3870 1300 3944 Timothei
1351 3870 1645 3946 libros
1698 3870 1847 3946 1111
1902 3873 2012 3945 ad
2066 3869 2602 3946 Ecclesiam

576 4031 845 4105 eosque
896 4004 1133 4080 multo
1187 4006 1393 4105 prius
1431 4034 1657 4106 quam
1698 4008 1926 4083 libros
1978 4003 2094 4082 ‘de
2130 4008 2663 4106 gubernatione
2702 4006 2836 4081 dei’

573 4153 619 4201 a
655 4124 1005 4201 Saluiano
1047 4126 1496 4225 compositos
1542 4129 2038 4228 uulgatosque
2075 4140 2147 4202 et
2182 4127 2412 4225 uulgo
2468 4125 2839 4202 ‘aduersus

576 4245 984 4321 auaritiam’
1040 4245 1458 4345 inscriptos.
